3092 4725
1549 215 1648 321 ‘22

540 438 657 501 hac
690 434 894 522 elegia
926 433 1217 521 singulas
1252 433 1598 498 sententia-s
1631 432 1870 497 laxiore
1903 456 2093 518 saepe
2127 434 2379 498 vinculo
2412 435 2572 499 inter
2606 459 2673 500 se

540 568 675 608 esse
694 565 968 608 conexas
988 551 1177 626 atque
1194 542 1353 606 adeo
1371 540 1710 605 nonnullas
1730 562 2235 624 supervacaneas
2256 541 2468 618 videri,
2496 543 2669 627 quod

539 652 778 715 minore
810 651 942 714 iure
975 647 1289 713 imbecillo
1321 661 1544 734 poetae
1578 648 1812 724 animo,
1846 670 2036 730 quam
2050 649 2403 733 argumenti
2424 650 2668 714 duritiei

538 770 598 822 et
645 756 965 843 asperitati
1013 755 1260 820 crimini
1302 765 1531 819 vertas.
1657 754 1915 817 Leviter
1947 755 2275 837 sequentia
2303 757 2452 821 ficta
2482 758 2672 821 inter-

538 864 875 951 pellatione
909 885 1050 928 cum
1084 861 1599 927 antecedentibus
1635 861 2141 946 coniunguntur:

998 993 1068 1039 At
1104 1000 1157 1039 tu
1197 1005 1303 1038 non
1343 992 1525 1039 orbum
1563 989 1693 1037 luxti
1734 990 1933 1039 deserta
1972 989 2141 1037 cubile

1068 1078 1167 1128 Sed
1206 1079 1376 1128 fratris
1418 1079 1527 1128 cari
1569 1078 1737 1127 flebile
1776 1077 2085 1126 discidium?

715 1185 848 1249 Nec
881 1183 1113 1248 arctius
1133 1206 1323 1268 quam
1343 1196 1528 1247 antea
1547 1206 1712 1268 quae
1731 1193 2029 1247 secuntur
2046 1182 2312 1246 disticha
2332 1181 2669 1248 cohaerent

536 1317 679 1356 cum
712 1289 1275 1378 praecedentibus:
1318 1289 1800 1374 quaestionibus
1834 1288 1956 1354 illis
1989 1290 2448 1375 praetermissis
2481 1301 2669 1376 poeta

536 1400 691 1463 illud
739 1399 919 1476 ,luxti
953 1399 1220 1462 deserta‘
1257 1407 1318 1461 et
1350 1396 1578 1474 ,flebile
1612 1397 1969 1463 discidium‘
2004 1398 2239 1483 excipit
2271 1410 2329 1462 et
2361 1397 2669 1462 rhetorice

536 1507 823 1592 depingit
856 1505 1195 1569 Berenices
1230 1504 1478 1569 dolores
1493 1505 1593 1582 ιω)

854 1635 1024 1694 Quam
1061 1633 1267 1695 penitus
1305 1640 1527 1681 maestas
1570 1631 1740 1681 exedit
1775 1646 1900 1681 cura
1937 1632 2192 1681 medullas

927 1722 995 1770 Ut
1032 1722 1124 1770 tibi
1164 1729 1287 1770 tunc
1325 1729 1434 1770 toto
1475 1736 1691 1786 corpore
1729 1721 1983 1770 sollicitae

853 1809 1101 1860 Sensibus
1143 1812 1330 1876 ereptis
1371 1826 1513 1861 mens
1556 1811 1763 1871 excidit,
1808 1820 1859 1859 at
1896 1818 1944 1860 te
1984 1826 2080 1874 ego
2119 1818 2255 1860 certe

927 1903 1225 1962 Cognoram
1264 1917 1294 1949 a
1332 1917 1491 1964 parva
1527 1902 1726 1963 virgine
1765 1902 2166 1963 magnanimum.

712 2005 865 2090 Ipsa
899 2003 1054 2069 haec
1087 2005 1306 2069 ultima
1324 2003 1518 2068 verba
1535 2004 1881 2089 respiciens
1901 2017 1961 2067 ct
1981 2005 2669 2088 ,magnanimam‘illud

537 2111 828 2197 quamvis
862 2110 1210 2193 obscurc²⁰)
1245 2112 1577 2175 declarans
1609 2111 1819 2196 pergit
1847 2122 2071 2196 poeta:

783 2239 936 2288 Anne
974 2240 1168 2288 bonum
1206 2238 1368 2288 oblita
1406 2253 1460 2287 es
1500 2239 1722 2299 facinuS,
1768 2253 1871 2301 quo
1911 2239 2109 2301 regium
2151 2239 2339 2301 adepta
2378 2254 2429 2287 es

853 2329 1186 2392 Coniugium,
1231 2344 1335 2393 quo
1374 2344 1478 2378 non
1522 2328 1705 2378 fortius
1745 2328 1883 2378 ausit
1921 2328 2052 2377 alis?

718 2434 962 2498 Eadem
996 2434 1430 2520 oppositione:
1466 2457 1658 2518 quam
1693 2433 1758 2496 in
1777 2457 1838 2497 v.
1861 2434 1941 2497 25
1963 2434 2085 2497 iam
2105 2433 2478 2497 adhibuerat
2494 2442 2669 2512 (sen-

539 2541 714 2606 sibus
749 2542 980 2627 ereptis
1014 2526 1202 2606 mens*
1225 2542 1459 2605 excidit
1494 2580 1575 2588 —
1611 2551 1676 2604 at
1710 2551 1769 2604 te
1802 2564 1924 2627 ego
1959 2551 2123 2605 certe
2159 2564 2504 2627 cognoram
2538 2565 2671 2603 ma-

535 2649 933 2735 gnanimam)
965 2648 1190 2712 iterum
1224 2649 1417 2712 utitur
1448 2658 1638 2734 poeta
1670 2649 1751 2711 ad
1784 2648 2219 2712 transitionem
2255 2650 2668 2732 (quamquam

535 2756 938 2820 fortissimam
976 2765 1035 2818 te
1068 2756 1498 2840 praestiteras)

786 2884 887 2932 Sed
928 2891 1036 2931 tum
1075 2890 1275 2931 maesta
1311 2883 1475 2931 virum
1515 2883 1741 2943 mittens,
1786 2897 1919 2946 quae
1958 2883 2108 2931 verba
2146 2885 2319 2933 locuta
2358 2898 2412 2932 es

861 2971 1105 3035 Juppiter
1142 2980 1199 3031 ut
1237 2973 1365 3021 tristi
1406 2973 1604 3021 lumina
1641 2976 1794 3036 Saepe
1833 2987 2008 3022 manu.

722 3100 784 3159 ¹⁹)
829 3097 897 3145 cf.
944 3112 988 3147 c.
1031 3096 1204 3145 LXIV
1242 3113 1291 3146 v.
1335 3102 1421 3148 29.
1465 3105 1516 3145 et
1554 3111 1673 3159 pag.
1728 3102 1806 3147 13.

717 3187 789 3247 2⁰)
831 3185 1135 3236 Callimachi
1191 3192 1268 3235 est
1317 3186 1435 3235 hoc.
1494 3186 1561 3235 cf.
1620 3186 1684 3234 ad
1739 3201 1783 3235 c.
1830 3184 2000 3233 LXIV
2051 3201 2100 3246 v.
2144 3192 2240 3235 299
2280 3202 2426 3251 seqq.
2505 3188 2675 3236 studet

539 3277 676 3325 enim
704 3275 838 3325 Call.
872 3290 1027 3339 quam
1067 3276 1173 3324 fieri
1216 3283 1385 3339 potest
1424 3275 1724 3323 brevissime
1761 3274 1839 3323 vel
1878 3275 2125 3338 plurimas
2165 3291 2243 3324 res
2281 3277 2332 3324 in
2375 3276 2525 3325 unius
2565 3292 2673 3326 car-

539 3366 693 3415 minis
733 3364 982 3412 ambitum
1020 3379 1320 3428 congerere.
1393 3363 1545 3424 Quod
1587 3364 1779 3412 bonum
1817 3363 1945 3421 illud
1984 3364 2186 3414 facinus
2226 3366 2377 3414 fuerit
2416 3383 2461 3417 v.
2504 3367 2672 3413 Mure-

539 3464 678 3504 tum:
725 3461 1058 3504 commentar.
1106 3454 1159 3502 in
1201 3454 1390 3503 Catull.
1429 3459 1562 3503 1558
1591 3469 1710 3516 pag.
1749 3458 1861 3502 113.
1932 3454 2146 3518 (Hygia.
2183 3454 2274 3504 lib.
2316 3455 2366 3503 11
2403 3454 2669 3517 Astron.):

542 3542 813 3604 ,Nonnulli
842 3557 957 3591 cum
984 3541 1306 3592 Callimacho
1335 3543 1577 3592 dixerunt
1602 3543 1888 3591 Berenicen
1918 3559 2077 3607 equos
2107 3544 2247 3595 alere
2274 3552 2325 3593 et
2350 3544 2411 3591 ad
2432 3543 2674 3607 Olympia

541 3633 744 3682 mittere
795 3639 1112 3680 consuetam.
1191 3633 1296 3680 Alii
1348 3632 1451 3682 hoc
1503 3633 1682 3681 dicunt
1731 3632 1948 3696 amplius
1987 3634 2356 3692 Ptolemaeum,
2399 3633 2674 3683 Berenices

541 3731 739 3786 patrem
776 3720 1111 3770 multitudine
1148 3720 1377 3770 hostium
1415 3722 1777 3783 perterritum,
1835 3722 1960 3785 fuga
1997 3723 2214 3772 salutem
2254 3722 2471 3786 petisse,
2514 3723 2673 3772 filiam

539 3819 710 3859 autem
772 3825 926 3875 saepe
990 3818 1292 3859 consuetam
1356 3812 1606 3862 insiliisse
1659 3813 1713 3860 in
1767 3826 1961 3875 equum
2016 3819 2065 3860 et
2115 3812 2367 3876 reliquam
2419 3814 2672 3863 exercitus

545 3901 752 3964 copiam
792 3900 1117 3949 constituisse
1157 3908 1207 3949 et
1244 3903 1536 3964 complures
1577 3901 1803 3950 hostium
1831 3901 2176 3963 interfecisse3
2220 3902 2439 3967 ideoque
2463 3903 2672 3952 fratrem

542 3989 731 4037 sororis
770 4002 945 4037 amore
983 4002 1095 4038 esse
1134 3992 1469 4053 correptum.‘
