3092 4725
1667 256 1748 319 26

641 432 923 496 cedendo
976 430 1375 516 persequitur
1431 431 1631 495 oratio
1679 453 1778 495 res
1826 446 2013 495 antea
2060 444 2235 498 actas
2282 443 2339 497 et
2382 434 2542 498 redit
2589 435 2768 498 deni-

639 562 763 623 que
793 539 960 603 unde
995 560 1215 602 exorsa
1247 550 1361 604 est.
1455 536 1673 620 Atque
1704 537 1873 601 hunc
1906 540 2283 605 narrationis
2318 540 2618 605 circulum
2638 565 2766 607 non

639 646 842 712 solum
892 646 955 709 in
1009 645 1305 709 universa
1337 644 1580 731 elegiae
1615 657 1925 710 structura
1973 644 2230 711 adhibet
2278 659 2500 733 poeta,
2549 672 2765 714 verum

636 753 825 818 etiam
857 753 922 817 in
955 751 1224 838 singulis
1257 752 1555 816 carminis
1587 751 1892 838 partibus.
1965 751 2129 815 Tum
2162 756 2425 839 repetita
2462 778 2766 842 persaepe

637 861 913 946 priorum
964 882 1260 925 versuum
1304 860 1614 924 sententia
1646 859 2079 924 transitionem
2112 860 2264 946 petit
2300 862 2381 925 ad
2416 865 2762 946 sequentia,

636 991 764 1052 qua
780 991 846 1032 re
865 966 1104 1053 elegiae
1121 977 1334 1053 partes
1353 967 1578 1032 melius
1597 967 1909 1050 utrimque
1928 967 2269 1053 cinguntur
2286 980 2345 1031 et
2363 968 2767 1055 distinguun-

637 1088 754 1139 tur.
848 1074 1180 1139 Postremo
1238 1099 1486 1139 summo
1533 1075 1745 1139 studio
1794 1074 2071 1138 cuiusvis
2121 1073 2371 1159 generis
2414 1075 2765 1141 doctrinam

637 1182 880 1267 quaerit
923 1193 1132 1267 poeta,
1175 1205 1291 1246 nec
1321 1181 1514 1245 ullam
1547 1179 1984 1267 praetermittit
2016 1183 2435 1257 occasionem,
2470 1184 2765 1248 carminis

635 1299 1100 1375 argumentum,
1148 1290 1359 1373 quoad
1407 1290 1541 1354 eius
1589 1289 1798 1353 facere
1844 1278 2405 1375 possit‚'variandi
2448 1303 2507 1353 et
2539 1290 2761 1376 ampli-

635 1396 886 1461 ficandi.

813 1503 942 1569 Sed
976 1503 1055 1567 sit
1087 1503 1213 1567 iam
1246 1502 1432 1566 huius
1466 1502 1916 1588 disputationis
1936 1503 2183 1566 modus.
2249 1502 2491 1580 Restat,
2527 1505 2762 1588 utquid

635 1612 714 1676 de
751 1610 1124 1675 Callimachi
1167 1620 1318 1685 arte,
1369 1630 1533 1692 quae
1566 1609 1630 1672 in
1664 1607 2065 1673 elaborandis
2099 1607 2388 1673 versibus
2423 1623 2756 1696 spectetur,

635 1718 972 1783 dicendum
1007 1716 1086 1782 sit
1116 1717 1465 1780 videamus

811 1825 1028 1908 Atque
1061 1826 1111 1889 si
1131 1825 1357 1890 latinas
1375 1824 1514 1889 illas
1537 1822 1774 1888 Catulli
1792 1824 2115 1889 versiones
2134 1845 2275 1887 cum
2295 1822 2547 1908 hymnis
2568 1823 2765 1890 Calli-

632 1932 840 1997 machi
886 1954 1326 2016 comparamus
1372 1933 1540 1995 idem
1583 1932 1932 1995 iudicemus
1966 1942 2251 2015 oportet3
2294 1955 2439 1994 nam
2474 1934 2763 2015 quamvis

630 2039 922 2104 laudetur
952 2037 1107 2101 illud
1139 2037 1460 2123 τορευτὸν
1489 2036 1654 2110 ἔπος
1684 2037 2123 2113 Alexandrini,
2159 2049 2367 2100 tamen
2389 2038 2764 2105 Callimachi

633 2145 948 2211 distichon
983 2147 1431 2210 conferendum
1467 2168 1595 2208 non
1616 2155 1710 2208 est
1728 2167 1869 2208 cum
1887 2144 2182 2230 perfectis
2203 2143 2486 2209 versibus
2505 2145 2762 2224 Tibulli,

633 2254 958 2340 Properti,
1023 2251 1240 2318 Ovidi.
1336 2251 1713 2316 Callimachi
1769 2274 1987 2316 versus
2035 2250 2305 2315 molliter
2350 2266 2760 2337 properantes

632 2385 958 2447 nunquam
992 2383 1109 2425 nec
1140 2361 1393 2446 fragore
1425 2384 1545 2425 nec
1579 2360 1752 2425 hiatu
1786 2338 1968 2424 aures
1988 2358 2270 2424 laedunt:
2307 2359 2600 2446 perpoliti
2618 2376 2761 2425 sunt

628 2484 689 2534 et
738 2468 977 2533 blandi.
1072 2467 1164 2532 Ut
1211 2481 1602 2554 pentameter
1646 2466 1899 2535 mollius
1948 2468 2202 2531 incedat
2240 2468 2305 2531 in
2340 2491 2560 2533 versus
2593 2468 2762 2536 illius

628 2575 927 2641 clausulis
961 2574 1355 2659 longioribus
1390 2598 1543 2639 usus
1579 2591 1673 2638 est
1707 2574 1992 2640 vocibus.
2069 2575 2146 2638 In
2180 2575 2244 2638 h.
2277 2576 2342 2639 in
2374 2575 2455 2638 L.
2490 2576 2564 2646 P,
2600 2576 2764 2640 inter

636 2687 734 2760 71,
762 2681 991 2766 quibus
1012 2703 1264 2745 carmen
1282 2679 1437 2746 illud
1458 2681 1788 2746 conficitur
1804 2682 2234 2768 pentametriS,
2254 2682 2334 2745 57
2355 2683 2764 2747 inveniuntur

630 2789 951 2855 clausulae
999 2787 1247 2852 duabus
1297 2788 1559 2873 syllabis
1609 2788 1952 2874 longiores,
2000 2813 2267 2874 quarum
2310 2800 2435 2854 tres
2470 2802 2618 2854 sunt
2651 2814 2762 2855 sex

632 2895 1042 2982 syllabarum,
1080 2898 1157 2960 17
1194 2895 1497 2981 quinque,
1534 2898 1613 2959 15
1636 2906 1955 2979 quattuor,
1987 2897 2266 2980 reliquae
2286 2900 2366 2960 22
2388 2897 2598 2960 trium.
2683 2898 2760 2960 In

632 3003 866 3070 Catulli
901 3027 1082 3069 coma
1115 3003 1455 3070 Berenices
1482 3004 1645 3067 inter
1677 3007 1758 3066 47
1780 3016 2205 3088 pentametros
2223 3003 2494 3087 legimus
2514 3004 2551 3065 6
2571 3003 2759 3066 trium

629 3109 1034 3198 syllabarum,
1070 3113 1151 3175 26
1172 3122 1489 3195 quattuor,
1524 3111 1886 3195 3quinque.
1951 3109 2243 3173 Alterum
2260 3109 2613 3187 artificium,
2632 3134 2760 3193 quo

627 3241 923 3283 versuum
986 3218 1309 3283 mollitiem
1370 3218 1675 3304 adpetivit
1726 3216 2156 3282 Callimachus
2213 3217 2491 3303 positum
2554 3228 2648 3281 est
2692 3218 2756 3280 in

626 3323 891 3390 vocibus
955 3326 1017 3388 in
1074 3326 1449 3410 pentametri
1512 3324 1922 3389 hemistichiis
1972 3324 2254 3389 similiter
2301 3324 2753 3390 desinentibus.

628 3433 702 3498 ld
751 3432 917 3497 enim
968 3432 1117 3517 egit,
1168 3445 1237 3496 ut
1268 3455 1455 3497 voces
1491 3455 1617 3496 non
1651 3430 1853 3497 solum
1890 3433 2201 3497 sententia
2234 3432 2614 3498 coniunctae.
2638 3431 2758 3529 sibi

626 3551 857 3619 essent,
904 3563 1121 3604 verum
1169 3540 1355 3604 etiam
1396 3541 1533 3626 pari
1568 3541 1777 3605 sonitu
1808 3542 2263 3627 responderent
2296 3549 2356 3603 et
2387 3539 2657 3603 invicem
2691 3564 2759 3604 se

627 3663 1019 3731 quaererent.
1115 3645 1316 3712 Cuius
1365 3647 1451 3713 rei
1494 3648 1807 3734 permulta
1842 3659 2091 3713 exstant
2126 3646 2447 3731 exempla:
2497 3645 2565 3709 in
2597 3647 2658 3710 h.
2691 3647 2754 3711 in

626 3754 710 3818 L.
744 3754 819 3818 P.
869 3757 930 3819 8.
967 3757 1068 3818 ]2.
1107 3757 1209 3818 14.
1245 3758 1348 3818 20.
1383 3756 1487 3817 22.
1525 3756 1631 3818 26.
1664 3759 1770 3820 32.
1804 3759 1912 3822 38.
1947 3757 2051 3820 50.
2088 3757 2191 3820 60.
2228 3758 2332 3817 64.
2370 3755 2471 3819 72.
2508 3756 2612 3817 86.
2649 3758 2752 3820 88.

631 3864 734 3925 94.
781 3863 926 3926 100.
976 3864 1122 3926 102.
1162 3862 1306 3925 112.
1344 3861 1491 3924 138.
1526 3899 1608 3908 -
1647 3861 1723 3926 C.
1773 3862 1850 3925 Β.
1897 3866 1958 3927 2.
1996 3863 2054 3925 6.
2092 3863 2193 3924 14.
2231 3862 2332 3924 16.
2369 3864 2473 3925 20.
2510 3863 2612 3925 38.
2648 3862 2751 3924 56.

630 3970 732 4035 68.
768 3969 874 4033 84.
908 4005 989 4014 -—
1025 3967 1176 4033 Huc
1225 3978 1468 4059 spectat.
1514 3969 1686 4057 quod
1734 3968 2057 4059 Hauptius
2104 3967 2172 4035 in
2219 3969 2351 4034 ind.
2400 3967 2541 4035 lect.
2576 3967 2750 4036 univ.
