3092 4725
1397 292 1481 355 27

372 468 540 532 Berl.
575 491 722 531 ann.
746 468 914 531 1855
950 490 1100 553 pag.
1126 468 1201 530 11
1240 467 1317 531 de
1335 488 1632 530 versuum
1651 466 1929 530 numeris
1951 468 2265 553 exposuit.
2332 467 2505 532 Scri-

373 575 465 640 bit
496 576 663 639 enim
701 573 1025 639 Catullum
1058 575 1123 637 in
1159 574 1434 638 carmine
1455 572 1690 637 LXIV
1709 573 2143 639 Alexandrina
2161 574 2349 660 plane
2366 575 2507 638 dili-

290 709 293 712 *
370 682 588 769 gentia
634 682 898 759 cavisse,
933 704 1011 745 ne
1046 681 1188 766 quis
1224 704 1444 745 versus
1477 681 1841 744 hexameter
1871 691 2018 766 post
2053 696 2345 765 quartum
2379 695 2507 746 tro-

372 791 638 855 chaeum
657 790 895 853 incisus
914 789 1167 868 esset*),
1186 787 1902 875 pariterAlexandrinae
1922 789 2075 852 artis
2093 789 2505 854 imitationem

371 899 701 964 ostendere
737 918 1029 960 versuum
1064 896 1172 980 qui
1204 896 1268 959 in
1304 896 1525 980 quinto
1558 896 1721 981 pede
1755 896 2107 981 spondeum
2140 895 2415 960 habeant
2446 907 2506 960 et

371 1004 836 1069 multitudinem
884 1017 942 1066 et
975 1003 1181 1088 magis
1216 1003 1401 1067 etiam
1436 1001 1889 1066 vocabulorum
1922 1003 1986 1066 in
2021 1026 2184 1087 quae
2215 1025 2506 1068 numero-

373 1137 440 1177 se
489 1112 719 1175 cadant
769 1110 1174 1174 artificiosum
1216 1110 1550 1174 delectum.
1645 1109 1974 1174 Placuisse
2006 1124 2215 1174 autem
2251 1110 2505 1175 Catullo

369 1218 678 1284 eiusmodi
722 1239 942 1281 versus
988 1228 1334 1303 tantopere,
1384 1228 1453 1280 ut
1502 1217 1696 1281 semel
1731 1223 1821 1298 (v.
1850 1220 1931 1282 78
1969 1220 2180 1302 seqq.)
2207 1225 2331 1282 ‘tres
2355 1241 2507 1283 con-

371 1328 581 1391 tinuos
615 1327 853 1390 faceret
888 1324 1470 1400 σπονδειάζοντας.
1529 1324 1869 1412 Leguntur
1886 1337 2095 1390 autem
2113 1325 2177 1388 in
2198 1347 2251 1388 c.
2271 1324 2506 1389 LXIV

370 1434 629 1500 omnino
664 1435 743 1497 31
780 1454 1000 1497 versus
1044 1431 1395 1517 spondiaci,
1437 1431 1503 1494 in
1537 1454 1591 1496 c.
1625 1432 1989 1498 LXVlIlb
2024 1434 2085 1510 5,
2119 1433 2183 1496 in
2219 1431 2295 1496 C.
2330 1431 2408 1496 B.
2444 1435 2504 1496 4.

550 1540 677 1607 Sed
710 1551 851 1604 utut
868 1540 935 1603 id
968 1550 1081 1615 est,
1117 1549 1326 1603 tamen
1345 1540 1516 1623 quod
1536 1563 1730 1626 supra
1748 1540 1872 1604 iam
1891 1541 2273 1617 monuimus,
2310 1538 2508 1604 Calli-

370 1648 580 1713 machi
621 1647 889 1712 ‹listicha
937 1646 1131 1732 longe
1172 1645 1404 1711 absunt
1437 1671 1473 1711 a
1507 1647 1665 1711 mira
1696 1646 1804 1711 illa
1837 1648 2225 1733 perfectione
2259 1658 2320 1713 et
2352 1659 2504 1724 arte,

372 1779 502 1840 qua
532 1753 825 1819 Tibullus
872 1753 1170 1818 formavit
1217 1776 1436 1817 versus
1486 1776 1673 1818 suos:
1724 1755 1977 1839 saepius
2023 1756 2190 1819 enim
2225 1754 2508 1819 Alexan-

370 1863 615 1939 drinus,
652 1883 1039 1947 quamquam
1073 1858 1262 1924 nullis
1283 1861 1639 1946 argumenti
1658 1859 2009 1925 rationibus
2028 1862 2329 1947 poscitur,
2366 1885 2508 1925 sen-

372 1970 633 2035 tentiam
681 1970 746 2033 in
796 1969 1005 2034 medio
1054 1968 1415 2033 hexametro
1451 1966 1795 2032 subsistere
1826 1969 2149 2055 permittit,
2194 1980 2299 2032 aut
2337 1992 2507 2033 com-

368 2078 726 2164 plexionem
778 2099 971 2139 unam
1021 2098 1162 2140 cum
1212 2098 1326 2162 per
1371 2075 1556 2162 plura
1605 2075 1875 2140 disticha
1908 2075 2173 2141 volverit
2204 2076 2269 2138 in
2303 2076 2510 2139 medio

367 2195 764 2272 pentametro
796 2182 1081 2247 includit.
1178 2181 1353 2263 Quin
1387 2184 1575 2248 etiam
1609 2182 1768 2247 adeo
1803 2181 1924 2247 sibi
1956 2182 2266 2269 indulget,
2305 2194 2374 2246 ut
2411 2182 2511 2246 vel

369 2318 408 2356 a
480 2292 688 2355 medio
752 2302 1146 2378 pentametro
1210 2314 1419 2354 orsam
1476 2290 1854 2353 sentent-iam
1917 2313 2030 2377 per
2076 2291 2510 2354 hexametrum

371 2398 845 2463 circumflexam
877 2398 941 2461 in
976 2399 1183 2462 medio
1217 2420 1433 2461 rursus
1465 2407 1860 2482 pentametro
1893 2398 2093 2462 finiat.
2131 2400 2210 2462 cf.
2244 2397 2306 2461 h.
2341 2399 2406 2460 in
2426 2398 2507 2461 L.

372 2507 446 2570 P.
486 2504 729 2568 11.'17.
767 2508 870 2570 21.
906 2508 1011 2573 37.
1045 2507 1150 2568 41.
1187 2507 1291 2571 51.
1329 2504 1433 2568 55.
1469 2506 1574 2568 59.
1611 2506 1714 2567 65.
1750 2506 1853 2568 67.
1891 2506 1994 2569 69.
2027 2507 2382 2569 72.87.89.
2406 2506 2507 2569 95.
2617 2562 2624 2568 .

372 2615 477 2677 98.
517 2614 640 2676 109
677 2636 854 2696 seqq.
935 2612 1140 2698 Apud‘
1163 2610 1486 2675 Tibullum
1537 2622 1756 2676 contra
1805 2612 1892 2675 nil
1925 2613 2235 2678 eiusmodi
2268 2612 2513 2676 inveni-

373 2743 545 2784 mus:
570 2719 919 2784 sententiae
937 2719 1079 2783 finis
1101 2742 1243 2783 cum
1264 2718 1511 2782 distichi
1532 2718 1823 2803 congruit
1845 2744 1858 2781 ε
1881 2743 2206 2803 nunquam
2226 2720 2514 2784 consistit

372 2829 438 2891 in
485 2827 692 2890 medio
739 2849 961 2902 versu3
1011 2826 1098 2890 ita
1140 2826 1502 2890 hexameter
1546 2848 1688 2888 cum
1720 2838 2117 2911 pentametro
2149 2826 2510 2913 implicatus

374 2947 489 3010 est,
523 2950 591 2997 ut
623 2933 729 2997 ille
749 2933 983 2997 nodum
1007 2933 1188 3016 quasi
1209 2943 1436 3009 nectat,
1472 2932 1576 2996 hic
1593 2934 1908 3018 expediat,
1942 2935 2083 2999 ideo
2103 2933 2206 2998 ille
2225 2934 2509 2998 duriores

375 3064 668 3105 caesuras
701 3041 956 3126 patitur,
992 3040 1093 3104 hic
1126 3064 1253 3105 non
1288 3041 1411 3104 nisi
1438 3039 1760 3104 molliores
1781 3042 2100 3126 permittit.
2149 3041 2285 3106 Nec
2302 3042 2509 3105 minus
2563 3108 2566 3113 ,

374 3148 744 3233 Propertius
789 3162 1044 3234 superat
1079 3147 1541 3212 Callimachum
1587 3147 1651 3209 in
1686 3147 1806 3212 hac
1837 3172 1923 3224 re,
1958 3147 2066 3232 qui
2101 3171 2291 3213 voces
2323 3150 2508 3213 trium

377 3254 764 3340 syllabarum
796 3257 860 3317 in
893 3254 1018 3318 fine
1049 3254 1423 3340 pentametri
1445 3254 1701 3328 devitat,
1731 3278 1809 3318 ne
1829 3255 2043 3319 durior
2058 3255 2163 3319 ille
2182 3256 2510 3342 anapaesti

376 3385 574 3427 sonus
609 3385 794 3427 aures
827 3362 1056 3426 laedat.

563 3578 612 3639 ⁴⁵)
654 3579 909 3643 Exempla
959 3590 1143 3642 pravae
1194 3579 1345 3627 huius
1396 3579 1447 3626 in
1503 3586 1689 3641 quarto
1743 3579 1875 3643 pede
1926 3595 2169 3628 caesurae
2221 3579 2510 3627 trochaicae

377 3669 608 3731 conlegit
644 3668 871 3717 Naekius
910 3670 962 3716 in
1002 3667 1127 3717 Hec.
1164 3683 1285 3732 pag.
1332 3674 1416 3726 32,
1463 3674 1547 3718 33.
