3092 4725
1630 318 1716 383 80

778 489 1004 553 Restat
1048 502 1118 553 ut
1149 512 1314 573 quae
1355 491 1434 554 de
1483 493 1519 553 6
1556 493 1791 556 ultimis
1826 517 1879 557 c.
1914 494 2113 560 LXV
2147 495 2427 560 versibus
2462 498 2732 561 dicenda

599 596 725 659 sint
769 595 890 660 levi
941 597 1329 683 attingamus
1375 596 1667 672 brachio,
1735 622 1924 683 quam
1974 624 2103 664 rem
2149 605 2368 688 paucis
2402 603 2732 668 absolvere

596 725 956 788 possumuS,
991 726 1135 768 cum
1168 726 1331 787 quae
1362 705 1762 790 potissimum
1797 708 1874 771 de
1908 706 2026 770 hoc
2059 707 2199 772 loco
2233 711 2553 796 disputata
2586 723 2734 776 sunt

598 835 636 873 a
667 810 886 875 Riesio
921 811 1019 889 (in
1052 812 1300 875 dissert.
1335 834 1525 896 supra
1563 814 1772 877 denot.
1806 838 1955 899 pag.
1991 816 2152 893 498)
2187 815 2346 880 bene
2381 819 2730 905 composita

598 929 658 980 et
689 918 1050 982 examinata
1084 918 1229 982 sint.
1294 917 1390 981 Ne
1421 919 1615 1004 igitur
1646 919 1940 985 cramben
1977 945 2397 1006 recoquamus
2431 925 2494 987 in
2515 926 2731 989 Lach-

596 1025 834 1100 manni,
899 1024 1188 1111 Hauptii‚
1235 1024 1576 1101 Schwabii,
1628 1024 1924 1114 Gruppii,
1967 1028 2243 1106 Miilleri,
2279 1030 2542 1094 aliorum
2586 1056 2731 1096 sen-

599 1133 857 1196 tentiam
918 1134 1256 1197 transimus
1316 1156 1445 1197 non
1493 1134 1922 1220 seiungendos
1975 1159 2112 1201 esse
2160 1137 2277 1201 hos
2324 1159 2544 1201 versus
2578 1163 2636 1205 a.
2673 1162 2726 1202 c.

594 1239 794 1304 LXV
814 1261 929 1302 nec
946 1261 1091 1303 cum
1106 1239 1526 1317 RossbachiO,
1550 1240 1953 1328 Westphalio
1970 1243 2258 1330 fragmen
2278 1243 2725 1329 intelligendos

597 1347 892 1410 carminis
926 1372 962 1410 a
997 1344 1252 1411 Catullo
1286 1369 1358 1410 ex
1391 1370 1623 1434 graeco
1659 1348 2037 1415 Callimachi
2069 1352 2378 1416 conversi.
2409 1424 2413 1430 ι

773 1452 902 1519 Sed
932 1454 1324 1518 redeundum
1359 1466 1473 1531 est,
1508 1457 1676 1520 unde
1709 1458 1997 1544 digressa
2030 1471 2127 1522 est
2159 1459 2379 1524 oratio.

773 1561 870 1624 Ac
913 1561 1185 1645 primum
1236 1562 1514 1646 quidem,
1565 1565 1736 1647 quod
1786 1577 1880 1629 est
1911 1578 2355 1651 argumentum
2391 1566 2728 1629 carminis?

596 1666 680 1748 Q.
725 1668 1108 1732 Hortensius
1156 1667 1463 1734 Hortalus
1513 1671 1593 1733 ad
1639 1694 1826 1755 quem
1876 1665 2179 1759 scriptum
2228 1674 2516 1736 videmus
2564 1672 2728 1737 hanc

594 1775 927 1861 epistolam
972 1776 1138 1840 idem
1189 1787 1303 1854 est,
1354 1799 1539 1861 quem
1591 1761 1820 1863 postea*
1844 1780 1908 1842 in
1945 1802 1999 1843 c.
2034 1779 2446 1846 LXXXXV
2479 1781 2729 1844 inimice

554 1867 959 1978 [persecutus
1007 1895 1099 1947 est
1135 1882 1448 1947 Catullus.
1529 1884 1904 1950 Cavendum
1938 1887 2132 1972 igitur
2164 1901 2276 1964 est,
2321 1910 2398 1951 ne
2431 1885 2729 1951 arbitrere

593 1990 950 2053 interiorem
999 1990 1197 2053 fuisse
1229 1989 1534 2053 Hortensi
1578 1991 1638 2055 et'
1675 1991 1910 2056 Catulli
1943 1994 2306 2056 amicitiam.
2400 1993 2533 2057 Nec
2566 1995 2728 2058 inest

592 2097 656 2159 in
693 2118 745 2159 c.
769 2095 988 2172 LXV,
1026 2095 1077 2159 si
1112 2094 1476 2179 diligentius
1510 2097 1830 2174 rimamur,
1867 2119 1978 2160 cur
2009 2099 2401 2161 familiariter
2418 2122 2572 2162 usus
2590 2124 2729 2162 esse

597 2203 863 2268 Hortalo
899 2202 1190 2267 Catullus
1224 2203 1577 2267 credendus
1614 2205 1710 2269 sit.
1793 2203 1927 2269 Suo
1959 2204 2155 2290 igitur
2185 2207 2319 2269 iure
2354 2204 2726 2269 Schwabius
2795 2217 2806 2236 ‘

593 2312 743 2376 dicit
775 2313 840 2375 in
874 2310 1161 2376 versibus
1192 2310 1346 2375 illis:

871 2438 974 2490 Sed
1014 2448 1185 2489 tamen
1225 2439 1277 2487 in
1318 2440 1474 2489 tantis
1513 2440 1855 2500 moeroribuS,
1898 2441 2131 2500 Hortalo,
2174 2442 2322 2490 mitto
2349 2448 2444 2490 etc.

594 2561 679 2625 nil
714 2562 836 2625 nisi
900 2560 1315 2626 urbanitatem
1362 2564 1681 2646 quandam
1717 2563 1924 2627 inesse
1956 2564 2118 2627 inter
2150 2563 2435 2626 homines
2470 2562 2727 2648 elegan-

591 2670 817 2733 tiorum
877 2691 1121 2733 morum
1179 2668 1529 2755 vulgarem.
1628 2667 1755 2733 Sed
1814 2668 1967 2753 quid
2009 2670 2130 2733 hoc
2179 2671 2260 2734 ad
2306 2672 2485 2737 rem?
2574 2669 2724 2734 Jam

589 2799 667 2840 ex
716 2798 826 2852 e0‚
890 2777 1062 2859 quod
1111 2777 1300 2841 modo
1350 2776 1660 2851 diximUS,
1713 2775 2059 2852 evincitur,
2109 2778 2317 2841 minus
2366 2778 2725 2841 interfuisse

594 2883 828 2948 Catulli
876 2897 943 2947 ut
994 2882 1322 2969 epistolam
1366 2883 1542 2947 daret
1591 2883 1670 2946 ad
1705 2882 2064 2959 Hortalum,
2114 2906 2303 2967 quam
2340 2896 2407 2948 ut
2440 2885 2587 2947 data
2620 2906 2727 2947 oc-

596 2992 851 3056 casione
910 2990 1283 3055 amatissimi
1346 2990 1557 3054 fratris
1607 2990 1970 3054 memoriam
2020 3014 2255 3076 magna
2302 3013 2444 3055 cum
2492 2993 2725 3077 pietate

591 3097 933 3163 celebraret
968 3097 1372 3184 graviterque
1406 3096 1709 3161 afflictum
1743 3097 2020 3161 animum
2054 3097 2393 3163 relaxaret:
2426 3110 2497 3162 ut
2529 3097 2724 3162 verbo

591 3206 797 3269 dicam
845 3228 1017 3270 mera
1068 3204 1225 3269 haec
1274 3217 1369 3268 est
1415 3204 1620 3290 elegia
1669 3205 1730 3266 in
1785 3204 2087 3289 epistolae
2131 3207 2398 3270 formam
2447 3206 2722 3270 redacta.

591 3313 786 3377 Recte
843 3312 1038 3397 igitur
1088 3309 1555 3392 Schwabius27)
1602 3310 1749 3376 dicit
1799 3334 2020 3376 versus
2067 3311 2209 3377 illos
2257 3314 2334 3377 de
2382 3312 2592 3376 fratris
2628 3313 2723 3375 in-

592 3419 776 3482 teritu
832 3419 1014 3502 quasi
1063 3420 1368 3504 impetum
1427 3418 1619 3482 totius
1679 3420 1975 3483 carminis
2011 3419 2208 3485 LXV
2255 3443 2413 3485 esse.
2508 3420 2719 3495 Mitto,

592 3526 765 3610 quod
799 3526 1080 3611 ipsorum
1114 3548 1411 3590 versuum
1445 3548 1706 3590 numero
1740 3526 2006 3591 bociam
2024 3526 2362 3591 verisimile
2380 3527 2709 3590 evincitur:

593 3658 740 3698 nam
776 3656 937 3718 quae
969 3645 1116 3720 post
1148 3657 1206 3695 v.
1229 3635 1266 3695 8
1288 3634 1660 3698 exciderunt
1677 3632 1899 3720 procul
1918 3631 2111 3697 dubio
2133 3633 2210 3696 de
2227 3635 2505 3696 fraterna
2522 3645 2719 3697 morte

591 3739 902 3827 agebant:
962 3763 1116 3826 ergo
1173 3752 1342 3804 certe
1404 3740 1721 3827 elegiacae
1781 3742 1858 3805 de
1920 3740 2129 3804 fratris
2178 3740 2433 3803 interitu
2479 3739 2720 3804 lamen-

592 3847 862 3912 tationes
896 3848 1194 3912 maiorem
1228 3848 1524 3912 carminis
1557 3859 1798 3932 partem
1830 3846 2158 3931 amplexae
2176 3846 2386 3932 ipsum
2405 3847 2717 3933 poematis

700 4014 838 4109 Bw>
878 4044 1090 4107 Quaest.
1137 4047 1249 4097 eat.
1293 4047 1317 4095 1
1356 4060 1474 4109 pag.
1525 4050 1641 4095 180.
