3092 4725
1559 278 1645 341 34

531 452 772 517 Romae
818 475 893 515 ex
937 453 1182 516 scriniis
1224 449 1622 514 librariorum
1671 473 1862 535 quam
1896 452 2203 538 plurimos
2235 477 2479 521 sumere
2509 482 2659 543 pos-

529 571 644 623 set.
711 559 887 646 Ergo
919 569 1140 645 parata
1175 568 1268 622 est
1303 557 1582 643 suspicio
1631 581 1757 622 non
1807 559 1931 622 iam
1965 558 2208 625 Romae
2240 563 2436 628 fuisse
2469 564 2656 630 Man-

525 667 676 730 lium
711 665 818 731 illo
853 679 1164 753 tempore,
1199 666 1306 729 sed
1343 666 1484 750 (qui
1518 675 1650 729 erat
1686 688 1820 729 mos
1857 665 2160 730 nobilium
2195 667 2658 752 Romanorum)

526 774 894 838 rusticatum
931 785 1059 837 tum
1095 795 1232 837 esse
1281 773 1344 835 in
1379 770 1530 835 villa
1566 772 1780 856 aliqua
1814 785 1874 837 et
1906 774 2051 837 inde
2092 775 2423 861 scripsisse
2455 780 2657 844 amico

526 881 891 967 epistolam,
941 882 1023 946 ad
1071 903 1262 965 quam
1312 879 1416 943 hic
1476 881 1819 964 respondet
1867 880 2176 945 Catullus.
2255 882 2398 947 Non
2448 895 2655 950 tamen

530 989 735 1052 omnis
769 987 1035 1052 solvitur
1067 987 1382 1073 suspicio,
1418 987 1525 1071 qui
1558 988 1794 1051 factum
1829 988 1942 1063 sit,
1978 999 2045 1051 ut.
2076 987 2438 1071 Torquatus
2472 992 2659 1076 igno-

524 1112 688 1159 raret
740 1120 866 1159 non
917 1095 1034 1159 nisi
1085 1119 1276 1158 unam
1326 1117 1536 1158 secum
1591 1095 1894 1160 sumsisse
1943 1095 2288 1181 capsulam.
2352 1095 2515 1171 Tum
2552 1122 2655 1163 vv.

526 1205 820 1266 27-302

843 1328 1015 1390 Quare
1055 1329 1192 1393 quod
1233 1329 1414 1378 scribis
1454 1328 1694 1379 Veronae
1733 1338 1880 1393 turpe
1919 1328 2127 1380 Catullo

915 1420 1057 1478 Esse,
1102 1419 1237 1483 quod
1279 1418 1360 1467 hic
1399 1419 1631 1480 quisquis
1671 1419 1735 1467 de
1773 1420 1990 1468 meliore
2028 1428 2149 1468 nota

842 1509 1050 1571 Frigida
1089 1510 1289 1557 deserto
1329 1508 1604 1571 tepefactet
1640 1508 1870 1557 membra
1911 1509 2092 1569 cubili,

913 1599 994 1658 Id,
1037 1598 1219 1656 Manli,
1264 1610 1371 1645 non
1411 1603 1484 1646 est
1521 1605 1686 1659 turpe,
1730 1597 1893 1659 magis
1933 1599 2173 1646 miserum
2216 1606 2294 1646 est

531 1720 929 1786 obscuriores
965 1731 1108 1784 sunt
1143 1743 1283 1784 cum
1307 1718 1615 1802 Torquati
1648 1717 1891 1784 litterae
1925 1743 2051 1783 non
2085 1720 2656 1806 exstentamplius:

525 1831 860 1915 scripserat
910 1832 1044 1892 sine
1093 1827 1286 1892 dubio
1320 1825 1603 1889 Manlius
1640 1824 1929 1903 Catullo,
1980 1838 2162 1913 turpe
2194 1850 2331 1892 esse
2379 1830 2468 1903 ei,
2520 1830 2657 1893 viro

527 1935 900 2002 urbanitatis
942 1934 1183 1999 deliciis
1229 1949 1519 2009 assuet0,
1556 1932 1848 1998 Veronae
1896 1936 2280 2000 rusticanam
2330 1947 2389 2000 et
2438 1937 2660 2000 incon-

526 2045 720 2108 ditam
757 2043 988 2128 degere
1020 2041 1212 2105 vitam
1247 2052 1306 2104 et
1350 2040 1661 2126 petiverat
1702 2039 1782 2105 ab
1817 2064 1890 2105 eo
1925 2053 1991 2105 ut
2009 2041 2278 2106 Romam
2313 2066 2380 2106 se
2412 2044 2662 2107 confer-

525 2165 654 2215 ret:
688 2152 768 2215 ad
804 2172 967 2235 quae
997 2148 1338 2234 respondet
1369 2135 1579 2234 pbeta,
1618 2147 1739 2213 hoc
1774 2171 1900 2213 non
1935 2161 2061 2213 tam
2095 2160 2277 2235 turpe
2309 2171 2448 2213 esse
2465 2172 2655 2232 quam

526 2259 856 2335 miserum,
902 2257 1073 2341 quod
1119 2256 1388 2320 fractum
1438 2256 1649 2320 fratris
1692 2267 1892 2320 morte
1935 2257 2183 2321 taedeat
2230 2279 2369 2320 eum
2413 2255 2655 2320 Romae

531 2369 793 2452 eiusque
826 2365 1303 2429 lenociniorum.
1338 2406 1420 2414 -—

659 2473 950 2540 Offendit
993 2474 1265 2558 denique
1282 2472 1725 2558 Westphalius
1757 2471 1824 2534 in
1858 2496 1919 2535 v.
1938 2474 2060 2537 33:
2097 2472 2156 2534 in
2179 2471 2464 2536 distichis
2482 2490 2659 2535 ante-

526 2579 893 2646 cedentibus
928 2580 1137 2643 adhuc
1186 2580 1306 2643 nisi
1340 2580 1416 2643 de
1448 2579 1721 2665 propriis
1750 2577 1986 2643 Catulli
2036 2577 2416 2642 carminibas
2453 2600 2659 2642 sermo

527 2713 654 2755 non
688 2689 827 2767 fuit,
862 2709 1048 2772 quem
1082 2710 1185 2752 vv.

881 2816 1127 2878 Ignosces
1165 2815 1339 2878 igitur,
1385 2815 1446 2875 si,
1491 2830 1624 2878 quae
1660 2816 1785 2865 mihi
1827 2817 1993 2865 luctus
2033 2815 2244 2875 ademit,

956 2904 1096 2953 Haec
1134 2904 1225 2953 tibi
1264 2920 1370 2954 non
1411 2905 1581 2953 tribuo
1618 2920 1850 2966 munera,
1896 2920 2014 2954 cum
2054 2919 2257 2969 nequeo

464 3098 468 3102 Α
529 3029 777 3092 finiunt.
839 3026 1192 3111 Sequentes
1225 3042 1466 3105 versus,
1502 3026 1733 3112 quibus
1767 3027 1977 3114 agitur
2009 3028 2086 3090 de
2118 3024 2292 3090 libris
2327 3047 2404 3087 ex
2438 3021 2659 3086 biblio·

533 3137 713 3200 theca
761 3135 1117 3211 mittendis,
1167 3156 1307 3197 cum
1371 3135 1681 3221 particula
1728 3145 1920 3213 ,nam‘
1968 3135 2380 3208 inducantur,
2429 3129 2659 3214 ecquid

537 3265 769 3308 causae
822 3243 1062 3306 addunt
1111 3241 1672 3307 antecedentibus?
1746 3242 2047 3318 Minime,
2084 3241 2193 3305 sed
2240 3261 2354 3327 per
2401 3238 2663 3324 ἓλλιψιν

536 3350 1425 3436 hoc,nam‘interpretandum
1447 3372 1585 3413 esse
1617 3362 1792 3436 puto.
1830 3348 2223 3416 Subauditur
2242 3349 2405 3412 enim
2440 3348 2560 3410 iam
2596 3346 2655 3405 in

539 3481 761 3523 versus
826 3459 905 3522 32
959 3455 1368 3534 ,muneribus‘
1434 3458 1697 3522 alterum
1749 3458 2054 3523 donorum
2103 3478 2334 3542 genus,
2401 3450 2538 3516 libri
2586 3470 2661 3512 ex

538 3565 921 3632 bibliotheca
951 3565 1238 3629 mittendi
1258 3589 1275 3642 3
1321 3565 1639 3650 ignosces,
1685 3566 1738 3629 si
1772 3563 1882 3629 tibi
1931 3563 2187 3649 propria
2220 3558 2500 3624 carmina
2533 3579 2658 3621 non

537 3672 763 3750 tribuo,
798 3696 913 3743 nec
947 3672 1153 3759 magis
1186 3672 1378 3738 libros
1416 3674 1831 3737 transmittere
1863 3691 2140 3755 possum,
2176 3690 2317 3731 nam
2354 3678 2472 3729 etc.
2509 3714 2523 3728 .
2560 3712 2575 3727 .

675 3780 968 3845 Ceterum
1006 3780 1124 3845 hoc
1159 3802 1412 3865 quoque
1445 3802 1694 3843 carmen
1730 3773 2165 3842 Alexandrino
2199 3796 2370 3837 more
2405 3795 2663 3857 compo-

542 3888 728 3952 situm
794 3889 1072 3952 videtur:
1139 3887 1376 3951 externi
1443 3885 1680 3970 elegiae
1744 3883 1902 3946 fines
1935 3903 2154 3944 versus
2189 3894 2369 3956 sunt,
2433 3879 2663 3965 quibus

538 4010 726 4081 poeta
761 3995 838 4057 ad
876 3994 1077 4059 Manli
1110 4016 1330 4080 preces
1362 3992 1704 4078 respondet
1735 3993 1982 4072 (1-14
2017 4001 2077 4054 et
2108 3991 2437 4069 31—40);
2478 3988 2662 4050 inter·
