3092 4725
1568 267 1653 328 36

542 445 845 511 formulae
879 446 943 509 in
977 445 1096 509 hac
1128 443 1332 529 elegia
1362 465 1476 529 per
1508 444 1591 505 14
1618 453 1675 506 et
1697 442 1782 506 30
1801 464 1903 504 vv.
1926 438 2279 518 volvuntur,
2312 441 2397 505 ita
2431 454 2500 506 ut
2528 442 2676 527 plus

542 577 734 639 quam
755 552 1022 628 deceret,
1034 551 1109 616 iis
1127 549 1426 615 tributum
1444 559 1612 614 esset
1629 548 1960 626 momenti3
1981 558 2113 612 tum
2130 547 2255 612 illis
2268 546 2503 613 Catulli
2520 558 2677 613 tem-

540 659 802 747 poribus
858 660 964 723 vix
1011 658 1394 723 credendum
1442 667 1536 721 est
1569 656 1713 721 usui
1746 660 2090 719 etiamtunc
2120 655 2317 720 fuisse
2349 655 2673 741 antiquam

543 768 713 834 illam
760 778 821 832 et
867 764 1216 831 obsoletam
1249 763 1603 849 Terpandri
1647 765 1935 829 formam.
2008 762 2213 828 Immo
2260 778 2501 850 septem
2532 763 2676 828 illae

549 887 782 963 partes,
817 873 1046 958 quibus
1078 894 1146 936 re
1178 894 1325 937 vera
1374 870 1703 935 conficitur
1736 892 1927 937 carm.
1959 869 2337 948 LXVIIIb,
2385 894 2676 956 quaeque

542 1006 686 1048 cum
728 981 974 1046 encomi
1021 990 1259 1066 septem
1308 977 1606 1043 membris
1640 990 2034 1065 congruunt,
2084 980 2440 1067 argumenti
2471 981 2676 1066 magis

553 1089 859 1156 debentur
905 1098 1202 1165 naturae,
1251 1109 1443 1172 quam
1488 1085 1753 1150 consilio
1798 1096 2023 1171 poetae
2054 1085 2378 1170 antiquam
2412 1085 2580 1150 illam
2611 1100 2677 1151 et

544 1198 890 1262 solemnem
923 1194 1219 1259 carminis
1264 1194 1531 1259 formam
1579 1192 1901 1257 imitantis.
1964 1192 2123 1258 Tres
2156 1204 2303 1258 sunt
2333 1214 2465 1268 res,
2514 1216 2673 1277 quas

545 1303 664 1369 sibi
711 1301 1120 1368 celebrandas
1167 1310 1585 1388 proposuerat
1630 1311 1852 1386 poeta:
1918 1313 2168 1386 gratum
2203 1323 2350 1386 erga
2400 1299 2669 1364 amicum

544 1412 843 1489 animum,
877 1409 1153 1475 Lesbiae
1186 1430 1482 1484 amorem,
1514 1406 1814 1493 pietatem
1847 1408 2078 1473 fratris.
2139 1406 2510 1472 Videbimus
2545 1405 2670 1471 Ca-

546 1518 720 1594 tullo,
755 1540 883 1603 quo
915 1528 1008 1581 est
1041 1516 1249 1582 studio
1271 1513 1648 1580 Callimachi
1681 1514 1892 1600 poesis
1926 1515 2286 1592 imitandae,
2320 1526 2386 1579 ut
2421 1537 2672 1580 carmen

546 1627 613 1690 in
647 1625 957 1709 quadrum
990 1623 1302 1710 redigeret
1333 1622 1431 1685 his
1465 1631 1705 1707 septem
1737 1618 2024 1707 partibus
2058 1641 2218 1706 opus
2235 1620 2453 1700 fuisse,
2486 1624 2575 1687 ita
2607 1638 2672 1688 ut

547 1734 610 1796 in
647 1734 685 1797 9
722 1730 821 1796 vel
858 1733 933 1794 11
981 1729 1404 1796 distribuisset
1435 1751 1724 1806 carmen,
1774 1729 1827 1794 si
1861 1752 1988 1794 non
2021 1741 2182 1806 tres,
2232 1730 2343 1793 sed
2376 1741 2675 1814 quattuor

517 1829 643 1905 ’res
676 1837 992 1905 celebrare
1025 1839 1350 1904 voluisset.
1415 1834 1609 1918 Quod
1642 1838 1694 1901 si
1729 1836 1997 1923 simplici
2030 1836 2149 1901 hac
2181 1836 2420 1902 ratione
2451 1838 2673 1904 miram

544 1945 839 2011 carminis
889 1944 1058 2010 illius
1122 1945 1643 2031 compositionem
1708 1945 1860 2009 satis
1925 1944 2247 2009 declarare
2308 1967 2670 2030 possumuS,

549 2054 701 2137 quid
736 2074 896 2137 opus
931 2052 1043 2116 erit
1078 2052 1159 2116 ad
1191 2050 1687 2115 artificiosiorem
1722 2049 1894 2113 illam
1928 2061 1987 2114 et
2020 2050 2413 2115 remotiorem
2450 2055 2673 2119 confu-

542 2181 691 2246 gere
723 2158 1074 2224 rationem?

677 2282 967 2347 Vidimus
1032 2281 1126 2366 (in
1189 2304 1244 2346 c.
1291 2278 1546 2359 LXIV,
1581 2278 1799 2356 LXV,
1862 2280 2234 2365 LXVIIIa)
2295 2282 2361 2347 id
2423 2304 2670 2370 semper

544 2390 753 2476 egisse
787 2388 1248 2455 Callimachum
1283 2390 1545 2474 eiusque
1579 2400 1970 2467 sectatorem,
2005 2402 2071 2455 ut
2105 2391 2304 2456 oratio
2335 2392 2399 2455 in
2434 2391 2669 2458 circulo

545 2498 888 2561 decurrens
940 2497 1111 2561 unde
1155 2520 1380 2562 exorsa
1428 2509 1629 2573 esset,
1691 2497 1939 2562 rediret.
2006 2496 2199 2579 Quod
2248 2498 2299 2563 si
2348 2500 2510 2563 duae
2571 2523 2670 2564 res

543 2615 722 2667 erant
752 2604 814 2666 in
851 2605 1126 2669 carmine
1171 2603 1570 2680 tractandae,
1622 2605 1675 2668 si
1706 2602 1954 2670 duabus
2003 2603 2451 2670 conficiebatur
2481 2629 2672 2693 argu-

543 2720 822 2775 mentum
855 2709 1175 2795 partibus,
1219 2710 1326 2776 illo
1360 2734 1513 2775 usus
1563 2726 1661 2775 est
1693 2711 1956 2777 artificio
2004 2725 2071 2777 ut
2117 2735 2343 2790 unam,
2392 2734 2555 2798 quae
2587 2716 2670 2779 ad

543 2816 810 2902 lyricum
842 2839 1048 2902 genus
1067 2818 1441 2903 propensior
1470 2818 1671 2905 ipsius
1691 2817 1930 2904 elegiae
1959 2819 2232 2905 impetus
2266 2835 2450 2897 esset,
2482 2820 2547 2884 in
2580 2822 2671 2886 al-

549 2940 776 3000 teram,
826 2925 1046 3010 epicae
1109 2925 1287 3011 poesi
1338 2927 1735 3011 propiorem,
1788 2927 2106 2990 insereret.
2172 2926 2269 2992 Ita
2317 2950 2370 2993 e.
2435 2927 2669 2994 LXIV

543 3029 663 3094 hoc
694 3029 953 3116 praebet
987 3037 1241 3115 σχῆμαε

543 3139 982 3273 (Epithalamium
1007 3176 1236 3226 Thetidis
1262 3185 1312 3227 et
1325 3177 1466 3227 Pelei
1483 3164 1755 3259 (Ariadna
1782 3187 1832 3227 et
1854 3162 2120 3258 Theseus)
2134 3180 2357 3243 Epithal.
2375 3181 2471 3230 Th.
2494 3190 2544 3229 et
2560 3148 2655 3279 P.)

638 3296 971 3363 Consimili
1004 3298 1191 3364 modo
1224 3321 1278 3362 c.
1312 3297 1506 3365 LXV
1537 3312 1601 3364 et
1630 3297 1823 3364 LXV
1837 3298 2064 3380 [11a³³)
2099 3302 2450 3389 composita
2489 3286 2664 3367 sunt:

546 3426 599 3468 c.
652 3402 882 3468 LXV:

560 3513 839 3646 (Epistola
878 3548 942 3597 ad
983 3548 1253 3599 Hortalum
1296 3534 1386 3631 (de
1413 3550 1579 3601 fratris
1605 3558 1768 3602 morte
1796 3538 2087 3634 querellae)
2116 3553 2332 3618 epistola
2360 3554 2422 3602 ad
2452 3518 2646 3652 Hort.)

846 3674 959 3681 ,φο-

719 3727 789 3788 32)
830 3725 890 3778 C.
945 3726 1116 3777 LXVI
1166 3742 1228 3776 eo
1278 3728 1445 3778 differt
1493 3731 1559 3778 ab
1613 3730 1720 3790 his,
1777 3730 1915 3794 quod
1967 3730 2112 3793 epica
2161 3729 2400 3780 carminis
2453 3741 2664 3782 externa

543 3813 708 3862 forma
756 3830 861 3864 non
913 3817 1168 3880 utrimque
1217 3817 1377 3881 cingit
1427 3819 1708 3881 elegiacam
1758 3819 2005 3883 poematis
2057 3828 2252 3882 partem
2303 3821 2392 3870 sed
2444 3822 2663 3872 invicem

543 3902 690 3965 spica
738 3910 788 3952 et
836 3904 994 3966 lyrica
1045 3905 1210 3955 oratio
1261 3915 1658 3957 commutantur.
1735 3908 1928 3957 Eadem
1978 3908 2177 3957 ratione
2229 3907 2465 3975 Cydippe
2504 3911 2661 3962 Calli-

543 3990 713 4039 machi
750 3991 949 4040 videtur
986 3994 1144 4046 fuine
1184 3996 1490 4059 composita.
