3092 4725
1584 330 1755 392 20·

729 505 861 571 Sed
893 505 1022 568 iam
1053 505 1136 569 ad
1168 505 1367 591 ipsam
1401 518 1798 568 transeamus
1830 526 1983 568 rem.

729 612 990 677 Initium
1038 611 1224 675 huius
1266 610 1510 697 elegiae
1557 610 1638 676 ab
1686 610 1880 696 epylli
1929 610 2114 675 valde
2164 610 2388 686 distat;
2439 634 2556 676 nee
2587 627 2680 677 est

548 743 660 784 cur
691 720 989 784 miremur
1020 718 1163 802 hoc:
1204 741 1455 783 carmen
1490 719 1657 781 enim
1690 718 1843 783 illud
1863 717 2094 781 LXIV
2114 718 2193 782 ad
2213 719 2462 803 epicum
2480 743 2682 805 genus

547 827 926 914 propensius
972 825 1218 891 initium
1266 813 1490 889 sumsit
1521 824 1603 889 ab
1636 825 1779 911 ipsa
1811 823 2081 889 naturali
2114 825 2493 890 narrationis
2526 828 2684 891 serie

548 957 624 999 ac
658 935 798 1000 via:
2193 917 2200 928 ί

920 1042 1127 1092 Peliaco
1168 1042 1430 1106 quondam
1467 1051 1759 1105 prognatae
1796 1043 1984 1093 vertice
2021 1043 2174 1107 pinus
2214 1051 2311 1093 etc.

549 1149 752 1234 elegia
769 1160 981 1212 autem
1000 1148 1155 1212 haec
1175 1147 1399 1232 incipit
1418 1146 1628 1211 statim
1650 1146 1729 1211 ab
1749 1147 2012 1214 artificio
2030 1147 2156 1224 illo,
2193 1148 2370 1211 cuius
2390 1169 2580 1232 supra
2598 1150 2680 1212 ad

549 1280 652 1321 vv.
676 1258 755 1321 76
777 1266 838 1319 et
870 1256 997 1317 212
1032 1254 1292 1319 fecimus
1322 1255 1740 1319 mentionem:
1774 1255 1995 1339 primis
2024 1254 2309 1320 versibus
2338 1276 2681 1340 praeoccu-

548 1374 734 1449 patur
751 1362 837 1438 id,
872 1384 999 1446 quo
1035 1361 1330 1437 narrati0,
1365 1384 1508 1425 cum
1542 1363 1771 1426 exinde
1787 1363 2203 1448 regrediendo
2223 1375 2283 1426 et
2299 1385 2515 1427 rursus
2532 1385 2680 1448 pro-

547 1469 893 1555 grediendo
926 1490 1026 1532 res
1058 1479 1203 1533 ante
1236 1482 1450 1553 gestas
1483 1469 1879 1553 percurrerit,
1915 1470 2074 1534 redit
2094 1492 2168 1534 ac
2186 1469 2435 1534 desinit.
2483 1468 2679 1534 Vides

546 1577 739 1662 igitur
770 1575 896 1639 iam
928 1575 1241 1661 principio
1275 1575 1572 1639 carminis
1604 1575 1872 1643 Comam
1903 1576 2241 1641 Berenices
2274 1577 2437 1641 inter
2468 1576 2681 1641 stellas

546 1683 897 1770 fulgentem
930 1696 991 1747 et
1024 1683 1207 1748 audis
1239 1699 1463 1769 postea
1495 1705 1641 1747 cum
1672 1683 2026 1769 regreditur
2058 1683 2334 1749 narratio
2365 1706 2568 1768 usque
2598 1687 2680 1749 ad

547 1791 796 1855 initium
844 1813 1052 1854 rerum
1101 1800 1464 1877 gestarum,
1527 1813 1692 1876 quae
1740 1801 1883 1856 acta
1930 1791 2056 1856 sint
2098 1807 2304 1856 antea.
2397 1791 2683 1856 Externa

545 1899 742 1984 igitur
803 1897 1099 1962 carminis
1142 1897 1557 1975 lineamenta,
1607 1896 1837 1982 quibus
1886 1899 2030 1984 ipsa
2075 1898 2281 1986 elegia
2328 1900 2684 1965 annectitur

548 2005 824 2070 narratio
857 2018 953 2069 est
984 2003 1325 2069 translatae
1356 2003 1518 2068 inter
1551 2004 1759 2067 sidera
1794 2003 2034 2069 Comae
2067 2005 2425 2070 Berenices.
2488 2005 2682 2071 Hanc

550 2135 747 2177 unam
791 2112 1191 2197 superstitem
1226 2131 1365 2174 esse
1397 2131 1476 2173 ex
1511 2109 1890 2174 Callimachi
1924 2109 2143 2195 elegiis
2177 2132 2367 2196 aegre
2397 2111 2679 2188 ferimus,

548 2242 692 2285 cum
724 2219 825 2285 vel
858 2241 933 2284 ex
964 2241 1038 2284 ea
1076 2216 1392 2304 Cyrenaei
1425 2240 1527 2282 ars
1559 2217 1808 2305 poetica
1840 2215 2048 2280 minus
2082 2230 2228 2302 apte
2262 2216 2431 2281 cerni
2465 2228 2676 2300 queat.

547 2330 1016 2416 Argumentum
1063 2325 1393 2404 carminis,
1442 2326 1615 2411 quod
1660 2323 1882 2411 procul
1929 2321 2122 2390 dubio
2171 2322 2487 2409 querellae
2532 2336 2678 2388 sunt

551 2435 789 2502 Comae
808 2435 1210 2512 Bereniceae,
1246 2433 1476 2519 quibus
1507 2434 1686 2520 luget
1717 2431 1940 2498 abesse
1967 2454 2034 2497 se
2069 2456 2106 2496 a
2136 2432 2393 2519 reginae
2426 2433 2678 2509 vertice,

546 2566 660 2630 per
692 2565 759 2608 se
790 2543 899 2607 vix
930 2542 1227 2607 idoneum
1259 2551 1463 2628 putes,
1499 2541 1673 2625 quod
1701 2538 1999 2627 elegiacis
2032 2538 2319 2605 versibus
2351 2552 2649 2604 tractetur
2661 2563 2678 2615 ;

545 2650 906 2727 reluctatur,
940 2673 1067 2734 qua
1098 2664 1192 2715 est
1226 2648 1453 2713 duritie
1486 2658 1547 2711 et
1580 2648 1936 2733 asperitate,
1971 2646 2204 2733 lyricae
2230 2647 2442 2735 poesis
2474 2647 2680 2712 molli-

549 2756 763 2824 oribus
813 2756 1164 2822 affectibus.
1260 2754 1544 2821 Omnino
1592 2753 1751 2820 haec
1792 2754 1951 2820 ratio
1982 2754 2299 2839 loquentis
2331 2756 2681 2820 lamentan-

548 2866 756 2951 tisque
804 2886 1023 2932 comae
1064 2863 1296 2929 nostris
1342 2874 1659 2949 repugnat
1711 2861 2026 2927 sensibus.
2127 2860 2313 2943 Quae
2360 2863 2554 2950 igitur
2582 2862 2682 2926 in-

547 2973 872 3038 veniemus
905 2971 1113 3037 minus
1144 2969 1467 3035 laudanda
1498 2993 1627 3034 non
1660 2986 1788 3034 tam
1819 2983 2043 3056 poetae
2075 2969 2333 3056 ingenio
2366 2993 2557 3054 quam
2582 2969 2681 3055 ip-

550 3081 683 3145 sius
717 3080 1074 3166 argumenti
1105 3080 1323 3166 generi
1356 3077 1490 3143 iure
1509 3077 1879 3142 tribuemus.
1943 3075 2170 3160 Itaque
2185 3075 2464 3141 fatebere
2485 3073 2682 3140 Calli-

548 3187 843 3251 machum
890 3209 970 3251 ex
1015 3187 1114 3250 his
1149 3186 1485 3273 angustiis,
1528 3186 1595 3250 in
1629 3208 1789 3270 quas
1825 3182 2147 3249 officiosus
2181 3201 2242 3249 et
2273 3197 2494 3271 gratus
2529 3205 2681 3270 erga

549 3293 899 3359 Ptolemaei
929 3295 1099 3381 regis
1130 3294 1434 3360 familiam
1468 3294 1717 3358 animus
1749 3302 1999 3380 poetam
2033 3292 2290 3370 vocarit,
2325 3314 2514 3378 quam
2546 3292 2678 3357 fieri

550 3401 751 3488 possit
784 3400 1018 3487 optime
1053 3423 1190 3467 sese
1223 3401 1573 3488 expedisse.
1609 3440 1691 3448 —

727 3507 924 3573 Primi
954 3508 1264 3595 poematis
1299 3531 1519 3574 versus
1553 3520 1876 3572 externam
1911 3505 2151 3593 elegiae
2192 3506 2459 3571 formam
2492 3506 2680 3571 indu-

553 3626 722 3694 cunt,
770 3637 933 3702 quae
975 3614 1179 3702 primo
1228 3615 1437 3680 statim
1486 3614 1709 3681 obtutu
1759 3614 2070 3680 sedatiore
2117 3614 2333 3700 epicae
2374 3613 2677 3677 orationis

553 3745 740 3788 cursu
759 3722 1165 3809 intellegitur,
1185 3745 1325 3787 eum
1341 3745 1452 3787 eae
1464 3723 1760 3788 carminis
1777 3733 2011 3807 partes,
2031 3719 2262 3805 quibus
2280 3721 2420 3806 ipsa
2438 3719 2679 3805 elegiae

554 3831 649 3893 vis
669 3852 740 3895 ae
761 3843 983 3895 natura
999 3830 1410 3904 contineatur,
1427 3829 1626 3914 lyrico
1656 3828 1994 3894 affectuum
2022 3827 2231 3894 colore
2249 3827 2676 3913 designentur.

734 3937 839 4001 Ad
871 3937 1069 4002 instar
1099 3936 1273 4023 pleni
1306 3950 1366 4001 et
1383 3938 1610 4002 tumidi
1638 3936 1913 4001 fluminis
1942 3934 2190 3999 initium
2212 3935 2402 3999 totius
2420 3957 2677 4022 poema-

557 4043 636 4108 tis
684 4043 865 4108 nobis
899 4043 1274 4108 offunditur:
1311 4042 1562 4122 Conon,
1597 4045 1708 4129 qui
1741 4043 1955 4108 omnia
1987 4043 2142 4108 vidit
2173 4042 2469 4109 caelestia
2486 4053 2674 4106 etno-
