3092 4725
1566 280 1648 344 10

528 454 845 521 devitasse
876 454 987 519 sed
1019 454 1229 519 studio
1262 454 1539 538 quodam
1574 466 1971 523 consectatos
2001 475 2141 522 esse
2176 478 2317 522 cum
2333 455 2477 523 aliis
2495 458 2657 522 indi-

531 562 643 627 ciis
659 561 1126 647 cognosc-imus,
1146 572 1277 625 tum
1294 560 1670 630 Callimachi
1688 561 1907 647 hymni
1928 562 2656 637 manifestoosteudunt‘.

530 668 732 735 Addit
791 678 1116 753 praeterea
1174 667 1240 733 in
1306 669 1583 736 carmine
1635 668 1871 733 LXIV
1933 693 2049 755 pro
2111 670 2309 746 ‚mari‘
2365 670 2656 757 ‚Tethyn‘

529 775 818 861 posuisse
882 772 1235 842 Catullum:
1285 786 1346 841 et
1394 773 1678 840 similiter
1739 775 2021 841 locutum
2068 797 2210 842 esse
2258 777 2655 862 Cyrenaeum

528 880 857 968 probabile
902 904 1041 949 esse
1098 891 1358 968 propter
1406 882 1799 949 Veronensis
1844 905 2066 950 versus
2112 883 2177 951 in
2222 882 2428 970 elegia
2463 885 2659 951 Calli-

527 989 790 1057 machea
821 990 902 1058 de
933 1011 1115 1058 omna
1150 988 1486 1058 Berenices
1520 990 1792 1076 scripta:

848 1147 950 1204 Sed
990 1134 1307 1217 quamquam
1345 1168 1429 1202 me
1465 1160 1619 1203 nocte
1657 1160 1893 1218 premunt
1929 1154 2145 1217 vestigia
2181 1152 2350 1204 divom

1054 1238 1180 1290 Lux
1219 1245 1392 1292 autem
1429 1255 1592 1292 canae
1629 1243 1814 1307 Tethyi
1853 1243 2073 1293 restituit
2114 1280 2125 1292 .
2170 1278 2184 1293 .
2226 1280 2238 1292 .

706 1382 900 1466 Quod
963 1383 1123 1447 dixit
1189 1380 1482 1446 Catullus
1544 1381 1612 1446 in
1661 1406 1724 1444 v.
1784 1385 1863 1448 18
1920 1406 1974 1448 c.
2022 1382 2255 1449 LXIV
2320 1385 2653 1463 ,nutricum

528 1502 731 1555 tenus‘
763 1514 879 1577 pro
913 1513 1350 1569 ,mammarum
1385 1499 1608 1566 tenus‘‚
1646 1488 1810 1568 sicut
1842 1490 2153 1554 consimili
2168 1492 2413 1556 ratione
2444 1493 2657 1580 graeci

527 1602 754 1661 τίτθαι
802 1609 1110 1685 usurpant
1159 1597 1309 1660 certi
1342 1593 1427 1659 nil
1460 1594 1652 1661 habet
1683 1596 2064 1674 documenti,
2100 1619 2243 1660 cum
2291 1597 2414 1663 tale
2446 1622 2658 1663 exem-

524 1703 701 1795 plum
761 1705 828 1769 in
892 1703 1425 1787 Callimacho
1488 1725 1620 1768 non
1696 1712 1956 1789 prostet.
2063 1700 2228 1770 Cum
2291 1715 2382 1769 tot
2430 1728 2657 1771 causas

526 1823 857 1877 coacervet
919 1811 1280 1899 Hauptius,
1367 1807 1599 1898 quibus
1678 1810 1810 1878 veri
1875 1809 2262 1875 simillimum
2325 1812 2656 1891 evincitur,

526 1941 777 1984 carmen
827 1918 984 1983 illud
1026 1942 1106 1983 ex
1138 1917 1721 1997 Alexandrinorum
1753 1939 1984 2004 graeco
2017 1918 2361 2007 exemplari
2394 1942 2658 1986 convcr-

526 2049 665 2094 sum
700 2048 859 2103 esse,
891 2048 1098 2111 paens
1128 2024 1335 2091 nullas
1355 2025 1639 2092 invenire
1657 2047 1774 2092 nos
1784 2024 2338 2114 possefatemurin
2362 2027 2660 2091 disserta-

525 2134 694 2219 tione
706 2116 832 2211 il'la,
853 2130 1083 2218 quibus
1095 2132 1223 2217 hac·
1239 2154 1348 2196 sen
1357 2132 1552 2197 tentia
1561 2132 1833 2198 refutata
1848 2129 2148 2219 probetur
2163 2130 2358 2195 libera
2372 2132 2657 2196 Alexan-

527 2240 849 2317 drinorum
907 2240 1255 2320 imitatione
1305 2240 1526 2304 miram
1578 2239 1744 2303 hanc
1791 2239 2086 2303 carminis
2135 2237 2655 2327 compositionem

525 2346 971 2413 declarandam
1007 2371 1166 2415 esse.
1247 2345 1412 2412 Nam
1461 2346 1617 2435 quid
1650 2346 1727 2410 de
1760 2346 1949 2411 variis
1983 2345 2268 2427 Homeri,
2316 2346 2654 2424 Theocriti,

528 2455 902 2539 Callimachi
935 2455 1243 2543 vestigiiS,
1278 2476 1443 2540 quae
1474 2453 1786 2542 reperisse
1814 2453 2138 2540 Hauptius
2171 2455 2238 2541 in
2268 2455 2391 2520 hoc
2423 2452 2656 2544 epyllio

526 2564 772 2627 videtur
803 2560 946 2640 sibi,
979 2563 1395 2627 iudicandum
1431 2561 1512 2625 sit
1546 2561 1781 2649 optime
1801 2560 2095 2653 exposuit
2114 2561 2368 2627 Riesius
2397 2562 2462 2626 in
2482 2561 2654 2629 Mus.

526 2669 731 2734 Rhen.
796 2693 899 2733 an.
968 2670 1135 2756 1866
1197 2691 1350 2756 pag,-
1415 2670 1543 2737 498
1612 2690 1791 2752 seqq.
1896 2668 1968 2731 In
2032 2668 2220 2733 huius
2282 2667 2477 2755 igitur
2538 2668 2655 2732 viri

527 2776 874 2842 doctissimi
907 2776 1280 2841 sententiam
1326 2772 1597 2864 pedibus
1631 2788 1883 2840 transeo
1903 2777 1981 2859 ⁵),
2030 2775 2250 2862 quiex
2282 2771 2656 2840 Callimachi

525 2884 899 2972 fragmentis
976 2905 1141 2969 quae
1214 2904 1547 2968 superesse
1624 2882 1837 2970 graeci
1900 2882 2280 2970 exemplaris
2342 2883 2659 2973 fragmina

527 2990 1117 3077 videnturpcuriose
1162 2997 1424 3071 rimatus
1472 3001 1655 3055 acute
1702 2989 2096 3076 composuit,
2143 3007 2210 3055 ut
2247 2987 2519 3079 dubium
2553 2990 2657 3077 via

529 3109 717 3185 queat
764 3090 923 3176 esse,
974 3098 1128 3184 quin
1177 3083 1454 3185 epyllion
1497 3096 1654 3160 illud
1687 3119 1882 3161 unum
1918 3097 1995 3160 de
2026 3097 2104 3160 iis
2141 3095 2523 3162 carminibus
2556 3095 2655 3173 sit,

528 3194 693 3291 quae
744 3204 1033 3283 Catullus
1084 3202 1168 3287 Q.
1203 3203 1551 3283 Hortensio
1601 3202 1872 3269 Hortalo
1917 3203 2260 3267 missurum
2308 3225 2375 3267 se
2419 3225 2558 3267 esse
2591 3203 2655 3266 in

531 3313 606 3376 el.
640 3312 841 3378 LXV
869 3294 1224 3400 promittit?

706 3438 947 3509 Poema
977 3435 1232 3514 LXIV,
1281 3434 1583 3524 epyllion‚
1618 3456 2005 3522 quamquam
2038 3433 2336 3523 elegiacis
2370 3430 2654 3499 versibus

530 3569 659 3612 non
708 3555 807 3611 est:
850 3544 1294 3631 compositum,
1345 3555 1576 3620 tamen,
1627 3543 1800 3628 quod
1831 3541 1897 3607 in
1932 3540 2227 3610 confinio.
2253 3540 2657 3628 positum-est

533 3653 764 3737 lyricae
827 3664 889 3718 et
935 3650 1153 3738 epicae
1195 3651 1426 3736 poesis
1471 3651 1743 3736 ideoque
1789 3649 1964 3714 haud
2021 3647 2243 3735 paucis
2293 3645 2656 3715 nominibus

535 3777 744 3845 aptam
775 3759 1118 3847 imaginem
1151 3756 1335 3824 nobis
1370 3757 1691 3844 elegiacae
1712 3754 2084 3820 Callimachi
2119 3753 2270 3819 artis
2289 3776 2656 3840 repraesen-

711 4010 756 4069 a)
795 4010 962 4076 Quam
1003 4012 1156 4065 etiam
1183 4008 1456 4062 Merkelius
1492 4008 1709 4074 protulit
1742 4008 1798 4060 in
1823 4007 1959 4060 libro
1984 4022 2141 4074 supra
2168 4007 2345 4061 deust.
2374 4021 2499 4072 pag„
2529 4012 2649 4058 360.
