3092 4725
1476 270 1557 333 35

445 445 633 531 positi
666 457 815 507 sunt
847 444 925 507 de
971 443 1180 507 fratris
1213 455 1411 508 morte
1445 442 1732 521 doloreS,
1781 446 1888 528 qui
1935 446 1998 509 in
2036 447 2243 511 medio
2291 446 2581 513 collocati

445 565 505 615 et
550 550 784 636 lyricos
834 550 1145 636 spirantes
1179 572 1404 615 sensus
1457 550 1823 637 principalis
1873 564 2019 615 sunt
2068 554 2364 618 carminis
2406 578 2576 640 pars.

447 657 599 739 Quo
649 658 1127 743 compositionis
1173 680 1406 744 genere
1448 658 1751 735 efficitur,
1800 671 1868 722 ut
1911 682 2162 723 carmen
2211 662 2577 746 regrediens

443 766 613 828 unde
647 786 939 829 exorsum
975 764 1085 840 sit,
1133 764 1447 848 utrimque
1484 763 1642 829 bene
1675 766 1968 852 cingatur
1999 778 2060 831 et
2093 768 2275 851 quasi
2306 770 2579 833 rotunda

443 873 579 937 eius
627 872 853 935 evadat
898 871 1121 935 forma.
1189 869 1599 951 Quinetiam
1646 872 1824 958 ipsae
1869 884 2083 959 partes
2130 875 2425 939 carminis
2473 899 2579 941 eo-

443 980 584 1043 dem
617 979 805 1043 modo
838 978 903 1041 in
937 978 1248 1060 quadrum
1282 979 1574 1043 redactae
1607 990 1788 1043 sunt:
1837 1003 1941 1044 vv.
1963 983 2225 1046 20—24
2261 988 2578 1069 (apostro-

442 1086 633 1173 pham
677 1085 1071 1151 continentes
1104 1085 1186 1148 ad
1233 1086 1516 1164 fratrem)
1552 1084 1839 1150 versibus
1886 1087 2046 1151 inter
2090 1111 2157 1151 se
2188 1091 2579 1176 responden-

445 1192 610 1257 tibus
643 1192 1090 1256 includuntur:
1129 1193 1209 1255 19

773 1319 874 1369 Sed
915 1326 1079 1367 totum
1120 1318 1220 1368 hoc
1258 1319 1484 1368 studium
1523 1319 1664 1369 luctu
1704 1320 1930 1370 fraterna
1967 1321 2090 1369 mihi
2130 1336 2269 1371 mors

846 1407 1090 1467 Abstulit,

444 1527 504 1577 et
539 1514 660 1576 25:

840 1604 1001 1655 Cuius
1043 1617 1140 1666 ego
1180 1604 1389 1652 interitu
1431 1611 1538 1653 tota
1578 1605 1638 1653 dc
1677 1613 1845 1653 mente
1885 1605 2053 1668 fugavi

909 1694 1052 1742 Haec
1091 1693 1260 1741 studia
1298 1699 1453 1755 atque
1492 1707 1670 1741 omnes
1711 1695 1923 1743 delicias
1964 1694 2142 1742 animi.

580 1815 711 1880 Nec
746 1815 955 1878 minus
1006 1825 1136 1879 tota
1184 1814 1381 1898 lyrica.
1429 1811 1671 1899 elegiae
1729 1838 1876 1899 pars
1935 1814 2245 1881 similibus
2297 1817 2582 1881 versibus

446 1924 758 2007 utrimque
792 1921 1118 1985 definitur:
1162 1921 1325 1984 idem
1362 1922 1526 1984 enim
1563 1933 1657 1985 est
1689 1945 1912 1986 sensus
1949 1945 2237 1986 versuum
2277 1925 2575 1988 13-142

834 2050 1044 2113 Accipe,
1088 2048 1203 2112 quis
1244 2063 1434 2099 merser
1474 2049 1711 2098 fortunae
1750 2050 1989 2099 fluctibus
2031 2051 2156 2113 ipse,

904 2139 981 2187 Ne
1018 2140 1239 2202 amplius
1278 2155 1309 2188 a
1348 2139 1534 2188 misero
1575 2140 1713 2187 dona
1751 2140 1901 2188 beata
1938 2148 2079 2202 petas
2120 2167 2186 2174 —

442 2257 501 2309 et
536 2268 638 2308 vv.
688 2244 987 2307 31-32:

802 2372 1048 2433 Ignosces
1085 2371 1261 2433 igitur,
1308 2371 1368 2430 si,
1414 2384 1545 2432 quae
1585 2370 1710 2417 mihi
1751 2370 1918 2418 luctus
1959 2370 2148 2418 ademit

864 2459 1005 2508 Haec
1043 2459 1135 2508 tibi
1176 2474 1281 2507 non
1321 2458 1489 2506 tribuo
1528 2473 1759 2519 munera,
1805 2474 1922 2508 cum
1962 2473 2183 2522 nequeo,
2223 2486 2295 2495 —

576 2582 884 2646 Venimus
918 2603 1089 2645 nunc
1121 2581 1203 2646 ad
1237 2604 1321 2669 c„
1367 2580 1754 2659 LXVIIIb‚
1806 2582 1883 2645 de
1931 2606 2058 2667 quo
2104 2606 2141 2646 a
2173 2581 2323 2646 viris
2371 2583 2572 2647 doctis

442 2692 869 2755 diversissima
902 2691 1070 2754 facta
1103 2701 1247 2753 sunt
1281 2688 1533 2752 iudicia.
1594 2688 1884 2754 Muretus
1920 2690 2180 2765 summis
2200 2689 2262 2752 id
2281 2686 2574 2752 laudibus

442 2799 656 2873 effert,
708 2820 833 2882 quo
882 2797 1121 2860 nesciat
1165 2820 1243 2860 an
1274 2795 1470 2860 ullum
1502 2818 1787 2880 unquam
1826 2798 2148 2861 conditum
2184 2796 2261 2860 sit
2292 2794 2576 2881 praecla-

441 2905 572 2970 rius
606 2915 667 2968 et
699 2905 1029 2969 venustius
1049 2929 1066 2981 ;
1116 2926 1195 2967 ex
1226 2902 1678 2968 recentioribus
1698 2904 1884 2967 huius
1919 2903 2159 2989 elegiae
2193 2912 2575 2969 commenta·

441 3011 679 3078 toribus
716 3009 1047 3098 Gruppius
1097 3033 1233 3074 eam
1280 3021 1784 3086 monstruosam,
1835 3010 2177 3100 tumidam,
2224 3019 2573 3093 contortam

440 3132 655 3196 vocat,
706 3141 869 3204 quae
901 3118 1010 3182 vix
1056 3117 1183 3204 legi
1231 3129 1440 3202 queat.
1521 3116 2109 3203 Ingeniosissimam
2160 3116 2236 3179 de
2285 3114 2406 3180 hoc
2439 3138 2575 3178 car-

442 3227 611 3295 mine
646 3211 1019 3290 sententiam
1054 3223 1527 3311 VVestphalium
1571 3224 1909 3310 protulisse
1941 3234 2127 3309 put0,
2179 3223 2286 3307 qui
2318 3223 2384 3285 in
2416 3221 2574 3287 libro

442 3332 695 3419 saepius
772 3333 897 3395 iam
975 3332 1166 3396 allato
1227 3354 1377 3417 pag.
1444 3333 1750 3396 72—100
1811 3331 2032 3394 miram
2080 3330 2266 3394 huius
2329 3328 2569 3415 elegiae

439 3440 962 3527 compositionem
1013 3438 1101 3502 ita
1136 3438 1454 3504 declarare
1488 3439 1764 3515 studuit,
1811 3452 1881 3501 ut
1913 3437 2157 3503 encomi
2202 3438 2467 3502 formam
2502 3435 2566 3499 in

437 3549 783 3637 pangendo
817 3546 1094 3611 carmine
1135 3545 1245 3610 illo
1265 3544 1631 3611 adhibuisse
1651 3544 1973 3610 Catullum
2005 3543 2275 3632 probare
2294 3553 2573 3609 conetur.

442 3655 548 3721 Ad
595 3680 783 3742 quam
820 3655 1194 3719 sententiam
1229 3657 1517 3738 quamvis
1560 3652 1956 3740 ingeniosam
2005 3667 2216 3717 tamen
2263 3650 2562 3714 accedere

439 3785 704 3848 neque0.

484 3869 517 3931 k
576 3868 858 3936 Primum
889 3871 1059 3935 enim
1090 3870 1272 3935 tertia
1302 3879 1365 3934 et
1396 3869 1617 3954 quinta
1642 3868 1952 3956 poematis
1966 3890 2137 3953 pars,
2170 3864 2572 3949 κατατροπή

437 3958 1175 4075 θΠιετακατατροπῆ,
1226 3999 1390 4074 quae
1439 3998 1570 4054 non
1611 3977 1735 4048 nisi
1766 3975 1991 4057 breves
2023 3973 2417 4039 transitionis
2453 3995 2573 4044 suu

588 4098 595 4104 .
2187 4081 2256 4146 3.
