3092 4725
1326 247 1473 369 *31

363 490 807 566 argumentum
859 491 1025 540 sunt.
1119 476 1345 560 Itaque
1393 498 1639 540 summa
1695 477 1997 542 carminis
2029 476 2232 540 LXV
2264 477 2487 540 nonin

360 589 436 652 iis
476 588 689 673 posita
737 594 829 647 est
877 585 914 647 8
950 581 1238 648 versibus
1272 585 1476 662 (1--4
1508 594 1569 646 et
1608 583 1895 664 15--18)
1928 582 2158 666 quibus
2190 605 2490 668 expressa

362 693 695 758 Battiadae
729 692 1005 756 carmina
1040 689 1311 754 Hortalo
1345 691 1765 755 transmittere
1799 712 1865 752 se
1900 691 2072 766 dicit,
2108 691 2218 754 sed
2251 690 2315 753 in
2349 690 2491 776 ipso

360 802 467 864 illo
520 801 826 864 fraternae
873 798 1089 861 mortis
1139 796 1421 881 elegiaco
1466 797 1638 861 fletu.
1732 797 1873 860 Non
1910 797 2032 860 nisi
2064 807 2321 862 externa
2355 819 2492 860 car-

359 907 546 971 minis
578 906 779 970 forma
808 928 1030 969 versus
1066 916 1213 969 sunt
1244 903 1333 966 illi
1356 903 1792 970 Callimacheo
1811 927 1982 968 more
2013 903 2492 989 circumscripta

361 1014 633 1100 poemati
666 1014 885 1097 lyrico,
920 1034 1082 1096 quae
1116 1012 1237 1097 ipsi
1272 995 1514 1095 elegiae
1543 1035 1763 1076 ansam
1782 1010 2103 1097 praebeat.
2153 1011 2488 1078 Sedatiore

360 1122 677 1184 exorditur
710 1143 937 1206 poema
970 1119 1287 1182 oratione:

747 1266 854 1313 Etsi
895 1279 974 1313 me
1014 1264 1221 1313 assiduo
1262 1264 1553 1312 consectum
1594 1278 1718 1313 cura
1756 1264 1935 1313 dolore

818 1353 1037 1402 Sevocat
1074 1369 1106 1401 a
1143 1353 1324 1412 doctis,
1369 1352 1601 1410 Hortale‚
1645 1353 1950 1417 virginibus,

745 1442 852 1491 Nec
891 1444 1026 1506 potis
1066 1449 1143 1491 est
1179 1443 1340 1491 dulcis
1379 1442 1642 1491 Musarum
1685 1457 1999 1506 expromere
2040 1443 2171 1491 setus

816 1533 963 1579 Mens
1003 1532 1157 1580 animi
1203 1574 1215 1586 .
1262 1573 1275 1586 .
1323 1571 1334 1583 .
1382 1565 1393 1578 .

353 1656 455 1718 hic
520 1653 666 1716 inde
729 1677 765 1717 a
827 1653 1074 1718 verbis:
1139 1653 1329 1718 tantis
1391 1652 1655 1716 fluctuat
1716 1654 1857 1739 ipsa
1920 1654 2101 1717 malis
2153 1704 2167 1718 .
2219 1702 2233 1719 .
2285 1705 2299 1719 .
2365 1658 2483 1742 ipsi

354 1784 574 1823 versus
666 1760 928 1846 elegiaci
1024 1760 1250 1824 coloris
1344 1760 1674 1845 incipiunt.
1769 1760 2048 1824 Videsne
2156 1763 2481 1825 consimile

352 1868 681 1931 artificium
732 1869 792 1931 in
829 1869 1123 1933 carminis
1172 1866 1632 1952 compositione
1680 1867 1858 1930 cuius
1902 1891 2095 1953 supra
2143 1868 2264 1931 iam
2301 1870 2378 1932 ad
2415 1891 2482 1933 c:

354 1974 586 2038 LXVI
634 1999 694 2038 v.
744 1978 773 2038 1
840 1987 900 2039 et
960 1974 1157 2038 LXV
1204 1999 1260 2037 v.
1307 1976 1386 2037 7ss
1438 1986 1496 2038 et
1564 1976 1690 2038 212
1733 1974 2001 2038 fecimus
2059 1976 2485 2064 mentionem?

354 2082 609 2146 Initium
674 2084 866 2146 sumit
929 2094 1116 2169 poeta
1180 2080 1261 2146 ab
1323 2082 1464 2168 ipso
1515 2081 1731 2146 dolore
1783 2106 1920 2159 sue,
1977 2106 2111 2170 quo
2161 2083 2240 2147 sit
2285 2084 2484 2169 impe-

349 2189 536 2265 ditus,
601 2191 938 2271 quominus
1003 2190 1283 2253 carmina
1346 2211 1727 2274 componere
1789 2191 2026 2274 possit,
2091 2201 2220 2251 tum
2271 2212 2483 2273 regre-

348 2297 580 2361 diendo
647 2320 903 2363 causam
968 2296 1170 2383 aperit
1232 2296 1534 2360 maeroris
1553 2343 1571 2372 ,
1647 2307 1713 2358 ut
1775 2296 2003 2359 exinde
2037 2296 2337 2381 procedat
2403 2299 2483 2361 ad

348 2406 695 2489 primorum
745 2425 1039 2466 versuum
1089 2403 1483 2466 sententiam.
1567 2399 1716 2481 Quo
1748 2403 1813 2466 fit
1864 2415 1933 2467 ut
1980 2417 2178 2466 totum
2229 2426 2480 2468 carmen

349 2513 665 2595 utrimque
699 2509 858 2574 bene
893 2510 1186 2595 cingatur
1219 2520 1278 2573 et
1311 2508 1664 2573 definiatur.
1715 2508 2016 2573 Malailla
2035 2513 2124 2592 (v.
2145 2513 2217 2593 4)
2238 2512 2481 2575 intelle-

349 2630 586 2701 guntur
616 2619 802 2704 primi
837 2640 1057 2681 versus
1090 2616 1329 2681 assidui
1363 2617 1650 2692 dolores3
1703 2618 1847 2680 novi
1884 2617 2076 2701 igitur
2109 2616 2194 2680 nil
2230 2620 2481 2681 additur

350 2726 461 2786 sed
508 2726 627 2787 hac
659 2725 1030 2809 repetitione
1062 2747 1142 2789 ex
1176 2722 1552 2789 Callimachi
1594 2747 1765 2788 more
1799 2726 2031 2789 sensim
2068 2725 2365 2788 transitur
2398 2726 2478 2788 ad

352 2841 689 2914 sequentes
725 2852 947 2895 versus
979 2831 1249 2916 lyricos:

703 2978 753 3040 (²⁸¹
780 2976 1016 3041 Namque
1055 2979 1154 3027 mei
1192 2992 1358 3042 nuper
1396 2978 1628 3026 Lethaeo
1667 2978 1866 3041 gurgite
1904 2976 2074 3026 fratris

771 3067 1085 3117 Pallidulum
1122 3082 1337 3117 manans
1376 3067 1525 3115 alluit
1564 3067 1702 3115 unda
1741 3068 1941 3131 pedem,

700 3157 859 3205 Troia
894 3156 1146 3217 Rhoete0‚
1192 3172 1343 3221 quem
1383 3164 1561 3221 supter
1597 3156 1746 3205 litore
1785 3155 1935 3204 tellus

771 3245 1013 3307 Ereptum
1052 3247 1239 3295 nostris
1278 3246 1467 3294 obterit
1504 3223 1791 3294 ex'oculiS.

703 3333 996 3395 Alloqmzr,
1040 3335 1250 3384 audiero
1291 3349 1557 3396 nunquam
1596 3342 1645 3383 te
1684 3348 1837 3383 suave
1877 3334 2283 3397 loquentem‚²⁸)

770 3422 1046 3485 Nunquam
1087 3438 1181 3485 ego
1220 3431 1288 3483 te,
1332 3423 1436 3472 vita
1472 3425 1630 3472 frater
1668 3422 1955 3482 amabilior,

700 3511 960 3575 Aspiciam
1000 3512 1233 3575 posthac.
1277 3520 1329 3560 at
1367 3520 1504 3562 certe
1542 3527 1743 3574 semper
1780 3512 1984 3573 amab0,

772 3600 988 3664 Semper
1025 3612 1220 3650 maesta
1258 3609 1346 3649 tua
1386 3601 1616 3651 carmina
1655 3611 1816 3650 morte
1855 3617 2035 3651 canam
2076 3631 2139 3638 —-

521 3757 570 3818 ¹⁶)
612 3761 720 3809 Hac
774 3761 1026 3824 particula
1077 3776 1277 3825 semper
1327 3763 1524 3823 regredi
1576 3770 1783 3827 poetam
1835 3762 1898 3811 cf.
1955 3762 2036 3810 ad.
2083 3777 2126 3813 c.
2171 3760 2342 3812 LXIV
2382 3767 2466 3824 76,

346 3851 445 3894 ‘212
487 3855 535 3894 et
573 3856 751 3910 postea
789 3864 833 3899 c.
878 3851 1099 3899 LXVIII
1128 3851 1158 3898 b
1204 3856 1283 3912 11,
1316 3857 1404 3905 47.

336 3922 346 3951 ἶ
520 3938 589 3996 2⁸)
630 3937 709 3985 De
770 3937 954 3989 horum
1016 3953 1250 3988 versuum
1315 3941 1538 3990 lectione
1601 3941 1665 3990 cf.
1723 3942 1785 3992 R.
1840 3940 2108 4005 Westphal
2163 3942 2275 3993 Cat.
2335 3942 2461 3992 Ged.

342 4040 461 4088 pag.
508 4031 572 4075 63
613 4041 754 4089 seqq.
