3092 4725
1585 311 1624 378 8

540 486 674 553 Nec
702 481 1012 553 'subtilius
1060 487 1440 575 disponendi
1481 485 1815 553 artificium
1849 487 2108 553 Solonis
2138 487 2481 575 elegiarum
2516 491 2666 555 sim-

537 594 730 681 plicia
775 605 1150 682 argumenta
1195 591 1675 672 desiderabant3
1725 593 1903 660 cuius
1953 591 2300 680 ὑποθῆκαι
2348 596 2443 670 εἰς
2484 592 2666 680 Ἀθη-

540 705 772 776 ναίους
816 719 1077 788 prorsus
1126 702 1398 767 eundem
1442 702 1510 766 in
1558 701 1845 779 modum,
1897 719 2086 786 quem
2120 704 2298 788 apud·
2322 702 2665 788 Tyrtaeum

537 820 598 872 et
631 805 1082 874 Mimnermum
1117 807 1413 887 vidimus,
1465 809 1755 874 conditae
1785 820 1950 873 sunt.
2029 789 2372 894 Nunquam
2408 811 2665 875 deorum

535 916 628 981 ira
661 926 721 981 et
756 915 1076 981 voluntate
1109 927 1322 981 vestra
1369 914 1521 980 urbs
1571 914 1850 979 interibit
1882 918 2136 997 (1—4)‚
2186 918 2298 1006 sed
2330 923 2435 994 (en
2470 915 2666 981 habes

533 1023 892 1088 contrarias
956 1024 1263 1106 rationes)
1327 1045 1442 1089 vos
1504 1023 1660 1108 ipsi,
1725 1023 1926 1100 cives,
1988 1021 2357 1088 libidinibus
2420 1025 2664 1100 vestris,

536 1129 837 1195 iustitiam
889 1129 978 1194 nil
1026 1127 1206 1194 veriti
1252 1130 1522 1217 patriam
1571 1127 1825 1199 deletis:
1876 1142 1936 1194 et
1986 1129 2110 1193 iam
2160 1131 2439 1194 omnium
2486 1131 2667 1196 effre-

538 1248 689 1302 nata
735 1237 989 1302 licentia
1034 1234 1255 1301 urbem
1286 1237 1351 1300 in
1388 1245 1636 1323 turpem
1669 1235 1922 1301 vocavit
1956 1236 2319 1327 servitutem
2356 1237 2659 1322 (5—32);

538 1344 775 1408 Iterum
853 1345 1022 1409 facta
1098 1342 1498 1430 oppositione
1576 1341 1783 1430 elegia
1843 1343 1924 1407 ad
1996 1342 2216 1437 finem*
2263 1343 2664 1430 perducitur:

537 1443 814 1533 εὐνομία
848 1446 906 1514 δ’
931 1446 1231 1532 εὔκοσμα
1266 1453 1372 1512 καὶ
1392 1445 1593 1534 ἄρτια
1610 1444 1798 1512 πάντ’
1816 1450 2195 1532 ἀποφαίνει
2215 1452 2561 1535 (33*40).
2586 1489 2660 1502 -··

715 1556 1146 1623 Posteriorum
1197 1569 1415 1621 contra
1464 1568 1817 1642 temporum
1866 1568 2093 1643 poetae
2140 1556 2403 1643 elegiaci
2452 1557 2667 1622 relicta

536 1662 927 1749 antiquita-tis
1006 1663 1407 1751 simplicitate
1484 1662 1726 1727 nativa'
1776 1663 1963 1728 docto
2028 1664 2377 1728 carminum
2449 1665 2667 1751 generi

537 1771 938 1839 studuerunt:
973 1767 1420 1836 delicatissimo
1439 1767 1699 1835 fastidio
1716 1769 2116 1856 potissimum
2140 1773 2364 1857 poetae
2383 1771 2665 1837 Alexan-

536 1877 700 1943 drini
732 1871 967 1943 nudam
1017 1873 1189 1942 illam
1237 1890 1299 1942 et
1344 1877 1732 1964 incomptam
1785 1877 2133 1942 carminum
2175 1880 2665 1970 pangendorum

538 1985 844 2050 rationem
872 1984 1162 2053 ‚oderunt
1210 2001 1269 2049 et
1318 1997 1571 2049 arcent:
1620 1984 1774 2068 quin
1795 1985 1995 2048 etiam
2029 1983 2109 2049 ab
2139 1984 2502 2051 Homericis
2534 2009 2666 2052 car-

536 2090 834 2170 minibus,
884 2101 954 2156 ut
1001 2113 1164 2177 quae
1212 2092 1511 2157 destituta
1545 2102 1714 2156 esset
1744 2109 2051 2156 novarum
2084 2111 2292 2156 rerum
2333 2091 2666 2158 lenociniis

530 2211 724 2284 atque
771 2191 1252 2285 exquisitiorum
1280 2193 1662 2263 'fabularum
1689 2193 2185 2288 ‘oblectamentis
2204 2248 2221 2277 ‚
2290 2198 2666 2264 Callimachi

536 2291 791 2372 sensum
826 2302 1227 2373 abhorruisse
1261 2305 1398 2392 ipse
1430 2305 1700 2391 ‘disertus
1733 2303 2039 2372 testis'es't
2058 2311 2128 2386 3’).
2207 2304 2497 2372 Delicata
2531 2329 2667 2372 car-

530 2415 775 2479 ‘minum
825 2420 976 2492 arte,
1022 2414 1087 2477 in
1130 2414 1493 2480 narratione
1537 2410 1749 2480 rerum
1782 2412 2061 2482 novitate
2091 2413 2357 2505 lectores
2392 2416 2665 2480 excitare
2773 2400 2776 2407 ’

534 2544 609 2586 ac
686 2519 1009 2603 delectare„
1064 2518 1261 2586 voluit
1326 2518 1743 2607 Cyrenaeus..
1847 2521 2026 2609 Ergo
2090 2522 2252 2586 tritis
2316 2522 2663 2586 carminum

535 2627 917 2715 cyclicorum
994 2624 1322 2709 itineribus
1400 2628 1628 2715 spretis
1700 2627 1960 2694 obrutos
2035 2644 2436 2713 remotosque
2514 2629 2666 2694 adiit

533 2735 887 2801 fabularum
950 2734 1189 2813 fontes,
1226 2730 1334 2800 'ad
1398 2756 1559 2819 quos
1622 2732 1741 2800 nisi
1803 2716 2204 2824 paucissimis
2267 2736 2473 2801 aditus
2501 2738 2506 2743 ’
2537 2756 2665 2801 non

533 2834 794 2933 pateret}
858 2834 1101 2919 Noluit,c
1129 2842 1297 2929 quae
1324 2857 1418 2908 est
1451 2838 1833 2930 cyclieorum
1867 2842 2242 2933 poematum.
2263 2843 2442 2920 rati0,
2478 2844 2665 2907 unius

535 2948 634 3016 vel
665 2970 1015 3036 paucorum
1049 2942 1310 3033 heroum
1345 2948 1628 3028 laboreS,
1671 2950 1861 3029 facta,
1901 2948 2190 3040 pericula
2223 2949 2665 3014 innumerabili

534 3050 1067 3146 paene-versuum
1098 3053 1497 3122 multitudine
1531 3054 1867 3137 celebrare,
1904 3057 2012 3124 sed
2046 3058 2126 3123 ad
2147 3057 2433 3147 singulas
2466 3058 2666 3144 potis-

535 3164 762 3230 simum
838 3160 1088 3228 fabulas
1166 3162 1641 3251 angustioribus
1721 3164 2228 3251 circumscriptas
2307 3163 2536 3229 finibus
2599 3184 2665 3229 se

530 3264 864 3353 convertit,
915 3294 1074 3356 quas
1122 3295 1372 3337 summo
1421 3273 1630 3337 studio
1662 3284 1723 3336 et
1757 3268 1973 3337 subtili
2007 3285 2138 3383 arte
2172 3271 2520 3357 variegavit
2552 3272 2665 3336 ad-

537 3378 683 3444 ditis
733 3370 1014 3443 venustis
1075 3372 1322 3443 fabellis
1378 3378 1660 3465 undique
1706 3377 2034 3469 repetitis.
2097 3377 2427 3445 Confersit
2471 3378 2665 3465 igitur

535 3487 596 3550 in
633 3485 914 3551 carmina
946 3508 1063 3550 sua
1095 3486 1373 3551 cuiusvis
1405 3486 1659 3572 generis
1691 3484 1963 3563 fabuias‚
2012 3487 2370 3563 amatorias,
2414 3485 2664 3570 mytho-

536 3593 851 3679 logicas,
866 3575 1381 3680 geographicas,
1426 3590 1764 3659 accuratas
1811 3576 2092 3658 locorum
2143 3605 2204 3657 et
2250 3615 2662 3680 personarum

537 3692 931 3765 definitiones
949 3692 1046 3782 Ἴ,
1137 3694 1391 3787 lepidas
1464 3696 1821 3813 imagines,
1895 3698 2244 3811 arguiulas
2305 3700 2662 3813 sententias

690 3862 764 3927 ³)
805 3862 872 3917 cf.
892 3863 1097 3941 epigr.
1121 3863 1371 3921 XXXIII.
1398 3864 1642 3917 Meinek
1684 3863 1895 3931 Dilthey
1933 3862 2169 3937 Cydippe
2206 3879 2338 3931 pag.
2374 3868 2404 3913 5
2441 3880 2587 3933 seqq

715 3951 779 4004 cf.
821 3950 1005 4005 Naekii
1040 3953 1168 4031 ῌρο.
1214 3942 1329 4027 pag.
1356 3956 1405 4003 .7
1446 3968 1622 4023 seqq.

715 4038 762 4104 ”)
801 4040 870 4090 cf.
912 4039 1093 4092 Naekii
1133 4038 1258 4091 Hec.
1304 4057 1424 4108 pag.
1470 4044 1534 4092 85
1575 4040 1691 4093 init.
1727 3993 1969 4108 ‘Cydippe
2008 4026 2127 4108 pag.
2171 4042 2259 4094 28:
