3092 4725
1489 223 1573 285 23

464 395 658 478 Quod
691 398 974 481 sequitur
1005 397 1350 462 distichon:

783 561 911 621 Quis
950 568 999 608 te
1036 560 1250 609 mutavit
1287 568 1459 609 tantus
1502 561 1662 608 deus?
1700 577 1765 609 an
1807 561 1943 624 quod
1983 570 2215 611 amantes

846 650 961 698 Non
1005 650 1162 712 longe
1198 666 1229 697 a
1267 664 1388 698 caro
1428 665 1649 713 corpore
1688 651 1869 699 abesse
1907 651 2130 700 volunt?

462 792 664 853 otiosa
711 812 912 875 pacnc
961 801 1019 853 et
1068 788 1315 873 vulgari
1361 788 1729 873 quaestione
1776 788 1939 853 hanc
1984 789 2245 874 lyricam
2296 793 2591 855 carminis

461 915 699 982 partem
750 896 1090 960 concludit.
1169 896 1327 959 Inde
1376 920 1413 960 a
1446 920 1505 959 v.
1543 898 1626 959 33
1659 897 1927 981 repetita
1957 898 2165 983 priore
2199 905 2284 974 (v.
2309 899 2419 983 10)
2457 921 2594 962 sen-

462 1005 736 1088 tentiam)
786 1003 1071 1091 pergitur
1116 1003 1436 1083 (33—38)
1468 1003 1531 1065 in
1568 1004 2142 1068 circumscribenda
2174 1015 2429 1069 externa
2456 1029 2592 1069 car·

457 1111 641 1174 minis
685 1113 909 1186 forma,
961 1132 1123 1193 quae
1158 1133 1379 1173 ansam
1413 1108 1713 1197 praebeat
1747 1111 1904 1197 ipsis
1939 1111 2240 1197 elegiacis
2275 1112 2588 1178 sensibus.

460 1218 568 1280 Me
615 1218 810 1302 igitur
856 1215 1136 1303 pollicita
1185 1228 1277 1280 est
1313 1216 1620 1281 Berenice
1654 1218 1772 1282 diis
1810 1242 1876 1282 se
1910 1218 2361 1297 dedicaturam,
2409 1219 2461 1282 si
2494 1243 2590 1283 re-

457 1325 655 1388 ditum
672 1335 893 1408 nactus
912 1336 1078 1388 esset
1097 1325 1207 1402 vir3
1229 1325 1399 1408 quod
1421 1325 1668 1389 accidit:
1693 1325 1850 1389 Asia
1869 1326 2035 1388 enim
2053 1324 2319 1390 subacta
2335 1326 2591 1390 domum

458 1430 562 1493 ille
582 1431 782 1507 rediit,
818 1453 1010 1513 quare
1025 1454 1167 1516 ego,
1203 1454 1404 1506 coma,
1426 1431 1546 1494 diis
1568 1445 1813 1496 sacrata
1834 1455 1993 1496 sum.
2043 1432 2188 1497 Hoc
2206 1432 2347 1497 loco
2365 1432 2589 1496 iterum

457 1538 733 1602 annectit
766 1550 954 1623 poeta
987 1539 1331 1602 admodum
1367 1540 1704 1615 concitata,
1750 1562 1914 1624 quae
1949 1541 2127 1604 decet
2160 1539 2424 1624 lyricum
2459 1562 2596 1603 car-

457 1670 600 1708 men
621 1695 635 1719 ,
702 1646 984 1709 oratione
1042 1668 1260 1709 versus
1319 1645 1638 1731 elegiacos
1690 1669 1916 1710 sensus
1959 1648 2292 1731 spirantes.
2388 1647 2591 1710 Coma

459 1753 806 1817 Berenicen
855 1754 1059 1837 ipsam
1102 1750 1474 1837 compellat,
1536 1754 1603 1816 id
1650 1753 1824 1837 quod
1871 1764 2057 1816 antea
2103 1754 2228 1816 iam
2270 1754 2338 1817 in
2385 1754 2591 1838 prima

455 1872 633 1946 parte
680 1859 962 1945 elegiaca
1004 1867 1092 1936 (V.
1131 1863 1242 1937 21)
1292 1857 1630 1922 observare
1662 1860 2004 1945 potuimus,
2040 1882 2183 1923 cum
2216 1861 2281 1922 in
2315 1861 2588 1924 externis

453 1968 576 2031 illis
620 1967 930 2053 poematis
964 1965 1358 2030 lineamentis
1394 1964 1699 2030 Berenice
1731 1967 1795 2030 in
1831 1967 2011 2030 tertia
2045 1966 2415 2052 plerumque
2448 1990 2590 2053 per-

456 2100 612 2139 sona
647 2075 1022 2139 nominetur.
1061 2113 1139 2120 —
1176 2073 1297 2137 Vv.
1332 2072 1535 2137 iudea
1557 2077 1638 2139 39
1660 2098 1802 2137 cum
1823 2061 2588 2160 praeeuntibusleviqua-

454 2184 598 2246 dam
633 2197 691 2246 et
725 2182 971 2245 occulta
1006 2180 1409 2266 oppositione
1445 2179 1816 2245 cohaerent:
1853 2205 2239 2265 quamquam
2263 2182 2341 2244 de
2357 2181 2588 2243 vertice

456 2305 561 2352 tuo
612 2289 792 2365 cessi,
841 2300 1049 2353 tamen
1083 2288 1280 2351 invita
1316 2288 1497 2350 cessi.
1578 2286 1736 2350 Inde
1770 2313 1805 2351 a
1840 2313 1899 2351 v.
1934 2291 2196 2353 39-42
2231 2288 2444 2368 omn-ia
2475 2311 2589 2374 ap·

452 2396 689 2459 tissime
720 2411 778 2460 et
813 2396 1161 2460 arctissime
1195 2396 1550 2480 composita
1583 2407 1763 2458 sunt:

770 2560 954 2619 Invita,
999 2574 1030 2607 o
1069 2558 1266 2619 regina.
1310 2568 1398 2608 tuo
1438 2560 1501 2608 de
1538 2558 1729 2608 vertice
1771 2559 1901 2608 cessi

839 2649 1035 2698 Invita:
1079 2649 1259 2696 adiuro
1299 2655 1450 2711 teque
1489 2656 1738 2711 tuumque
1779 2655 1934 2711 caput

772 2738 970 2800 (Digna
1008 2738 1153 2797 ferat,
1199 2737 1336 2800 quod
1376 2738 1417 2786 si
1457 2739 1571 2801 quis
1610 2738 1834 2786 inaniter
1871 2738 2175 2799 adiuraritl)

841 2827 940 2875 Sed
982 2827 1068 2889 qui
1108 2842 1162 2875 se
1201 2826 1335 2875 ferro
1376 2827 1602 2889 postulet
1640 2841 1751 2875 esse
1788 2828 1999 2890 parem?

628 2968 977 3034 Doctrinae
1011 2967 1312 3043 studium,
1356 2966 1535 3030 cuius
1571 2967 1825 3052 saepius
1858 2966 1983 3030 iam
2017 2967 2283 3029 fecimus
2316 2968 2584 3031 mentio-

449 3101 614 3152 nem,
648 3079 757 3153 (cf.
792 3076 872 3141 ad
907 3099 960 3139 c.
980 3074 1213 3140 LXIV
1249 3099 1307 3137 v.
1329 3074 1409 3138 35
1447 3096 1626 3157 seqq.
1649 3074 1795 3148 251,
1833 3076 1980 3150 278,
2016 3076 2141 3138 307
2166 3078 2375 3159 seqq.)
2396 3075 2583 3139 etiam

448 3185 571 3249 hoc
599 3184 741 3248 loco
774 3181 1027 3267 probari
1062 3183 1383 3246 videmus:
1434 3180 1792 3267 exemplum
1828 3180 1994 3244 enim
2028 3179 2203 3257 illud,
2237 3183 2408 3264 quod
2435 3182 2582 3246 inde

448 3319 483 3355 a
518 3315 578 3353 v.
614 3293 696 3356 43
747 3290 1050 3373 sequitur,
1099 3312 1226 3371 quo
1275 3288 1422 3352 ferri
1464 3289 1563 3351 vis
1597 3289 1948 3353 declaretur
1980 3310 2059 3351 ex
2092 3312 2265 3354 more
2308 3289 2583 3354 Alexan-

447 3399 771 3462 drinorum
820 3395 1194 3482 apponitur:
1245 3398 1598 3460 ornamenti
1644 3417 1850 3480 genus
1893 3407 2007 3473 cst,
2057 3420 2184 3481 quo
2232 3408 2456 3483 poetae
2489 3396 2580 3460 illi

448 3518 707 3571 utuntur
740 3519 805 3569 ut
841 3514 903 3568 ct
935 3526 1129 3589 opera
1162 3526 1278 3566 sua
1310 3516 1617 3567 exornent
1648 3516 1710 3568 et
1742 3514 1982 3586 quanta
2002 3504 2065 3567 in
2083 3503 2161 3567 iis
2179 3503 2329 3567 insit
2349 3504 2579 3569 doctri-

450 3635 529 3675 na
570 3624 903 3676 ostentent.
1000 3610 1205 3675 Coma
1245 3608 1353 3699 illa
1396 3610 1709 3696 expromit
1757 3612 2132 3697 sapientiam
2167 3633 2345 3672 suam
2379 3621 2439 3674 et
2470 3633 2581 3676 ex-

450 3718 681 3798 quisito
713 3717 1010 3809 exemplo
1038 3718 1374 3782 defendere
1409 3741 1476 3791 se
1510 3719 1750 3782 studet:
1786 3719 1998 3782 omnia
2046 3717 2202 3780 haec
2220 3717 2578 3794 artificiosa,

626 3949 696 4021 ²¹)
736 3949 815 4005 De
852 3952 948 4002 hac
987 3953 1312 4011 transitionis
1341 3953 1508 4007 forma
1546 3970 1593 4005 v.
1637 3953 1701 4005 ad
1740 3970 1785 4001 c.
1830 3950 2003 4009 LXIV
2043 3966 2087 4002 v.
2130 3957 2425 4010 265—-266-
