3092 4725
1482 274 1566 336 41

459 453 786 520 sententiis
835 467 896 515 et
941 448 1151 515 verbis
1211 447 1470 512 libertas
1535 447 1848 531 quaedam
1900 447 2154 513 satirica
2207 460 2268 512 et
2331 447 2589 512 licentia

456 575 562 636 (ne
595 561 803 625 dicam
836 556 1221 643 procacitas)
1256 553 1575 640 superbit,
1624 575 1790 639 quae
1836 555 2045 620 adhuc
2089 554 2156 618 in
2206 553 2426 640 elegiis
2462 552 2591 619 Ca·

456 665 747 733 tullianis
785 663 1066 730 nondum
1098 660 1285 727 nobis
1321 671 1729 738 occurrerat,
1777 660 2087 744 cuiusque
2134 660 2200 724 in
2233 660 2450 726 limato
2482 660 2592 724 illo

458 784 766 856 castoque
829 769 1222 835 Callimacho
1255 789 1572 852 nusquam
1605 789 1686 832 ne
1749 765 1912 832 exile
1944 766 2202 851 quidem
2248 768 2589 853 vestigium

458 879 835 945 invenimus.
928 875 1092 941 Nam
1127 892 1189 940 et
1221 875 1674 940 sententiarum
1707 890 1768 938 et
1801 872 2135 938 verborum
2184 872 2590 940 acerbitatem

460 984 1081 1068 obscoenitatemque
1142 982 1617 1047 accuratissime
1664 981 1943 1069 devitare
2006 982 2325 1061 studet.³⁷)
2445 980 2593 1045 Hac

459 1093 651 1178 igitur
708 1092 957 1156 ratione
1002 1068 1261 1153 minime
1310 1086 1606 1152 Catullus
1658 1085 2122 1153 Callimachum
2173 1098 2428 1152 secutus
2475 1099 2591 1164 est,

456 1198 568 1263 sed
617 1221 769 1263 suae
817 1197 1019 1283 ipsius
1068 1207 1329 1260 naturae
1391 1193 1674 1260 indulsit.
1771 1192 2006 1275 Qualia
2054 1192 2239 1259 nobis
2285 1191 2590 1280 praebent

451 1327 557 1369 vv.
623 1308 730 1382 21,
766 1305 850 1369 27
884 1324 1215 1387 nunquam
1248 1301 1605 1387 scripsisset
1640 1300 2031 1386 Cyrenaeus.
2126 1300 2437 1367 Videmus
2470 1300 2592 1388 igi-

451 1424 589 1488 tur,
638 1410 934 1494 quamvis
981 1409 1231 1474 studeat
1264 1407 1559 1473 Catullus
1593 1408 2014 1473 Alexandrini
2063 1423 2289 1493 poetae
2320 1409 2592 1494 vestigia

451 1518 518 1582 in
570 1516 854 1603 elegiaca
901 1516 1080 1602 poesi
1129 1529 1423 1580 accurate
1470 1537 1787 1602 premere,
1838 1525 2047 1578 tamen
2097 1537 2222 1579 non
2273 1536 2589 1599 nusquam

450 1624 763 1689 fervidum
799 1622 936 1687 eius
970 1622 1300 1708 ingenium
1332 1624 1681 1706 rudemque
1716 1634 1980 1686 naturae
2012 1622 2139 1687 vim
2187 1622 2406 1686 fractis
2451 1622 2591 1686 imi-

460 1730 718 1794 tationis
752 1729 1024 1794 vinculis
1057 1728 1222 1794 ultro
1254 1731 1402 1793 ferri
1435 1749 1731 1813 novaque
1761 1728 2009 1814 ingredi
2042 1729 2287 1792 itinera.
2349 1727 2593 1793 Ceteris

456 1835 814 1902 nominibus
879 1850 1047 1900 totus
1080 1836 1314 1921 pendet
1376 1858 1455 1899 ex
1505 1833 1938 1899 Callimacho:
2007 1834 2450 1899 Alexandrina
2497 1849 2593 1900 est

453 1944 646 2008 totius
680 1942 922 2028 elegiae
957 1942 1370 2028 compositio:
1406 1952 1554 2007 sunt
1585 1955 1845 2006 externa
1880 1941 2176 2006 carminis
2210 1941 2592 2006 lineamenta

453 2050 535 2115 ad
570 2049 818 2135 epicum
851 2071 1056 2134 genus
1088 2049 1526 2135 propensiora,
1563 2069 1747 2133 quae,
1782 2063 1851 2112 ut
1877 2050 2082 2113 forma
2114 2047 2325 2135 lignea
2354 2050 2591 2135 pictam

453 2156 832 2242 imaginem,
866 2156 951 2220 ita
985 2154 1164 2240 lyrici
1197 2156 1427 2221 coloris
1462 2153 1984 2220 circumscribunt
2016 2153 2275 2232 versus3
2323 2167 2416 2219 est
2450 2157 2593 2220 arti-

451 2264 662 2328 ficium
696 2262 882 2340 illud,
933 2285 1060 2346 quo
1093 2286 1131 2326 a
1162 2260 1619 2348 posterioribus
1653 2261 1971 2346 incipitur,
2006 2273 2138 2325 tum
2170 2260 2591 2346 regrediendo

457 2383 518 2435 et
548 2370 781 2435 exinde
813 2371 1106 2434 deorsum
1137 2370 1544 2455 procedendo
1592 2390 1691 2432 res
1725 2379 1871 2432 ante
1905 2379 2086 2432 actae
2118 2381 2589 2454 percurruntur,

456 2478 660 2543 donec
692 2476 854 2541 redit
886 2477 1106 2553 orati0,
1141 2477 1310 2540 unde
1342 2498 1567 2541 exorsa
1600 2486 1765 2553 erat3
1799 2487 1892 2539 est
1927 2485 2166 2539 certum
2199 2474 2353 2538 illud
2389 2487 2593 2540 trans-

454 2583 670 2650 itionis
703 2606 944 2670 genus,
994 2607 1122 2668 quo
1153 2585 1418 2670 repetita
1452 2583 1663 2669 priore
1696 2582 2009 2647 sententia
2040 2581 2411 2668 praeeuntia
2443 2604 2594 2647 con-

458 2691 800 2756 cluduntur
856 2703 916 2754 et
963 2690 1044 2754 ad
1111 2690 1439 2775 sequentia
1487 2689 1886 2775 proceditur3
1950 2701 2044 2753 est
2109 2689 2389 2754 studium
2435 2687 2594 2751 illud

456 2798 748 2864 doctrina
810 2809 872 2861 et
932 2796 1240 2883 exemplis
1303 2793 1688 2860 carminibus
1752 2797 2123 2881 spendorem
2188 2795 2467 2860 addendi
2530 2805 2590 2859 et

455 2927 649 2990 quam
694 2903 825 2967 fieri
874 2902 1077 2989 possit
1125 2902 1429 2989 plurimas
1461 2924 1561 2966 res
1595 2901 1965 2967 brevissime
2012 2903 2076 2966 in
2111 2902 2354 2988 elegiae
2400 2924 2593 2987 argu-

456 3022 738 3077 mentum
773 3010 1190 3096 congerendi;
1225 3023 1319 3074 est
1351 3010 1626 3094 denique
1658 3009 1809 3073 artis
1842 3009 2139 3073 metricae
2159 3007 2442 3073 ratio.-
2463 3006 2595 3074 Sed

457 3118 760 3182 effrenata
805 3119 965 3184 haec
1024 3117 1330 3202 loquendi
1376 3117 1663 3193 licentia,
1722 3137 1887 3201 quae
1935 3116 2016 3179 ad
2060 3115 2590 3202 satiricumgenus

457 3224 832 3306 propensior
889 3240 1019 3300 est,
1081 3224 1429 3289 iocationes
1477 3222 1624 3287 illae
1671 3222 2112 3288 Fescenninae
2162 3237 2222 3286 et
2269 3221 2589 3308 simplices

458 3326 604 3391 illae
635 3348 824 3392 voces
858 3339 1119 3392 naturae
1151 3351 1310 3410 quas
1342 3330 1408 3393 in
1442 3352 1497 3394 c.
1539 3328 1761 3406 LXV,
1807 3328 2186 3406 LXVIIIa,
2236 3326 2585 3395 LXVIIIb

457 3435 535 3500 de
596 3434 807 3498 fratris
869 3445 1069 3497 morte
1125 3456 1205 3498 ex
1250 3436 1473 3500 intimo
1519 3448 1750 3521 poetae
1794 3447 2050 3522 pectore
2100 3437 2304 3501 nudas
2352 3447 2412 3499 et
2459 3435 2589 3498 sin-

456 3564 633 3607 ceras
664 3549 1148 3628 prorumpentes
1179 3539 1582 3617 videbamus,
1615 3540 1806 3627 plane
1835 3544 2132 3630 propriae
2165 3557 2312 3607 sunt
2332 3539 2588 3605 Catulli.

458 3645 590 3712 Nec
630 3659 725 3712 est
773 3671 886 3713 cur
931 3647 1159 3712 mirum
1207 3646 1330 3712 hoc
1374 3660 1692 3733 putemus.
1783 3647 1946 3714 Nam
1997 3650 2168 3734 quod
2217 3649 2298 3713 ad
2344 3647 2586 3734 ingenii

460 3752 588 3816 vim
651 3764 712 3816 et
772 3769 1036 3821 naturae
1112 3754 1402 3820 ardorem
1465 3753 1688 3820 attinet
1758 3757 2023 3821 multum
2086 3756 2347 3821 interest
2422 3754 2588 3820 inter

636 3987 707 4048 ³⁷)
747 3986 810 4038 cf.
855 3985 1036 4036 Naekii
1075 3988 1200 4039 Hsc.
1242 4004 1363 4054 pag.
1410 3995 1475 4039 69
1516 3990 1630 4040 init.
