3092 4725
1468 299 1553 365 15

442 477 811 562 defatigatio
874 487 934 537 et
995 473 1272 538 taedium
1335 473 1652 538 devitetur
1695 483 1756 537 et
1804 473 2081 537 narratio
2125 473 2463 539 artificiose
2506 476 2572 539 in

442 584 751 668 quadrum
785 581 1040 645 redacta
1074 580 1377 645 lectorum
1409 582 1656 646 animos
1691 579 1977 644 delectet.
2042 579 2358 645 Attendas
2386 583 2575 646 etiam

440 703 610 755 certa
654 687 926 752 formula
973 687 1063 751 uti
1098 687 1564 753 Callimachum
1611 698 1681 753 ut
1729 687 2125 774 regrediatur
2172 690 2254 754 ad
2295 711 2396 754 res
2429 701 2575 753 ante

440 810 652 863 actas:
686 795 954 882 legimus
990 795 1159 859 enim
1192 795 1257 859 in
1291 819 1352 859 v.
1390 796 1508 861 76:

1112 939 1245 990 Nam
1283 940 1556 1005 perhibent
1594 941 1720 990 olim
1762 975 1774 987 .
1821 980 1833 993 .
1883 977 1893 988 .

441 1077 500 1129 et
530 1065 593 1128 in
626 1086 687 1129 v.
720 1063 872 1139 212,
907 1060 1016 1126 ubi
1047 1063 1275 1127 iterum
1309 1060 1567 1127 adhibet
1600 1060 1755 1126 illud
1790 1060 2161 1126 artificium:

1112 1206 1348 1270 Namque
1384 1207 1558 1258 ferunt
1596 1207 1722 1256 olim
1765 1243 1776 1254 .
1821 1247 1836 1258 .
1883 1246 1896 1259 .

620 1331 780 1410 Inde
813 1353 851 1394 a
883 1353 943 1393 v.
980 1333 1062 1395 76
1102 1350 1300 1413 usque
1333 1332 1414 1395 ad
1452 1331 1580 1394 123
1614 1339 1951 1394 narrantur
1996 1351 2160 1414 quae
2197 1332 2365 1396 facta
2397 1343 2573 1397 erant

435 1450 779 1526 postquam
833 1437 901 1499 in
951 1436 1206 1501 Cretam
1255 1436 1429 1501 venit
1474 1435 1799 1502 Theseus:
1849 1460 2026 1502 amor
2075 1437 2211 1503 eius
2244 1452 2305 1503 et
2337 1439 2572 1503 Ariad-

437 1568 561 1610 nae
582 1551 686 1623 ¹⁰),
734 1543 1082 1609 Minotauri
1133 1527 1379 1621 caedes,
1429 1544 1668 1609 reditus
1702 1566 1783 1609 ex
1812 1543 2195 1630 labyrinthO,
2242 1545 2573 1630 utriusque

437 1656 628 1739 fuga:
677 1663 807 1717 tota
854 1652 1132 1716 narratio
1167 1650 1543 1716 Callimachi
1609 1662 1742 1717 arte
1804 1653 2192 1739 ingenioque
2252 1653 2450 1740 digna
2510 1663 2571 1717 et

437 1771 705 1825 venusta
751 1771 848 1825 est
895 1759 1006 1840 (cf.
1055 1780 1159 1822 vv.
1210 1760 1370 1824 86—-
1388 1760 1525 1836 93),
1574 1759 1986 1825 similitudine
2034 1761 2445 1843 (105-111)
2489 1782 2571 1825 ex

437 1867 704 1932 Homeri
735 1868 981 1932 ratione
1013 1864 1269 1952 longius
1302 1865 1576 1930 deducta
1605 1865 1916 1953 insignis3
1965 1889 2352 1952 quamquam
2385 1868 2569 1932 etiam

438 1974 746 2039 rhetorice
780 1974 948 2038 dicta
969 1996 1107 2038 >non
1145 1974 1394 2051 desunt,
1429 1973 1602 2038 velut
1639 1974 1721 2038 95
1758 1996 1935 2059 seqq.
1971 1985 2033 2039 et
2067 1976 2191 2040 116
2226 1995 2426 2060 seqq„
2459 1973 2569 2038 ubi

438 2080 806 2147 transitione
837 2102 1098 2167 prorsus
1129 2081 1441 2146 rhetorica
1475 2081 1899 2147 narrationem
1930 2082 2225 2168 producit
2256 2093 2464 2168 poeta.

612 2189 690 2253 In
736 2213 793 2253 v.
846 2191 973 2253 124
1020 2188 1146 2253 iam
1207 2189 1376 2253 unde
1423 2210 1652 2254 exorsa
1700 2199 1832 2255 erat
1867 2190 2068 2254 oratio
2114 2188 2340 2253 rediit:
2387 2188 2568 2253 vides

435 2319 653 2363 rursus
689 2296 1041 2361 Ariadnam
1090 2295 1157 2359 in
1204 2294 1387 2360 litore
1420 2294 1587 2360 Diae
1634 2296 1864 2359 amoris
1899 2293 2223 2360 doloribus
2257 2307 2565 2368 vexatam.

436 2404 567 2469 Hic
616 2416 1040 2470 commoratur
1086 2402 1482 2486 aliquantum
1531 2403 1910 2468 narrationis
1959 2425 2201 2480 curem,
2251 2415 2320 2468 ut
2351 2404 2500 2469 inde
2530 2429 2569 2470 a

434 2537 498 2577 v.
534 2514 662 2577 132
710 2533 913 2597 usque
960 2510 1043 2575 ad
1076 2511 1200 2575 201
1237 2509 1564 2574 Ariadnae
1602 2509 1787 2576 fletus
1822 2511 2083 2576 carmini
2112 2511 2566 2593 innectatur*).

435 2619 681 2685 Eadem
743 2641 1004 2706 prorsus
1066 2616 1307 2682 ratione
1368 2617 1430 2681 in
1484 2616 1781 2705 Cydippa
1829 2619 2067 2689 Aconti
2113 2619 2178 2685 in
2228 2619 2566 2685 solitudine

438 2724 635 2790 abditi
710 2725 951 2790 flebiles
1014 2724 1321 2789 clamores
1380 2724 1890 2811 interponuntur.
1994 2726 2184 2792 Tales
2249 2725 2564 2813 Cyrenaei

439 2843 802 2919 poematum
834 2831 1009 2896 locos
1043 2831 1306 2916 antiquo
1340 2843 1624 2920 tempore
1656 2833 1826 2898 haud
1860 2832 2083 2899 leviter
2112 2834 2360 2899 animos
2393 2856 2567 2900 com-

435 3049 680 3101 relabitnr
727 3051 792 3100 ad
844 3065 936 3111 ea,
992 3065 1125 3116 quae
1175 3058 1296 3102 ante
1335 3050 1541 3115 nuptias
1583 3049 1720 3100 facta
1758 3058 1935 3112 erant,
1993 3058 2049 3100 ut
2085 3050 2283 3100 exinde
2321 3051 2563 3103 deorsum

434 3141 683 3202 procedat
731 3142 958 3192 narratio
1010 3156 1071 3192 eo
1110 3142 1338 3192 reditura
1375 3140 1512 3190 unde
1550 3139 1866 3199 ordiebatur,
1917 3139 1985 3188 cf.
2025 3139 2268 3204 Cydippa
2305 3156 2428 3206 pag,
2469 3148 2557 3193 28.

434 3228 580 3280 Idem
617 3230 886 3281 artificium
925 3236 1102 3292 postea
1140 3231 1195 3280 in
1236 3229 1401 3280 Coma
1426 3229 1615 3280 Beren.
1670 3228 1984 3281 notabimus.
2052 3227 2325 3280 Consimili
2362 3231 2563 3281 ratione

436 3318 787 3372 Callimachus
838 3319 891 3369 in
931 3319 1168 3383 Cydippa
1205 3319 1396 3373 Aconti
1444 3332 1737 3369 sermonem
1784 3316 2094 3367 amatorium
2132 3318 2391 3384 utrimque
2428 3319 2564 3370 facta

434 3408 500 3458 ad
550 3409 762 3458 arbores
813 3406 1131 3471 apostropha
1180 3407 1354 3456 subtili
1408 3415 1518 3458 arte
1569 3407 1749 3466 cinxit,
1806 3406 1873 3457 ct'.
1953 3405 2162 3472 Dilthey
2200 3424 2320 3474 pag.
2364 3413 2450 3461 88.
2491 3435 2563 3447 -

436 3498 501 3549 cf.
545 3498 732 3548 Naekii
770 3497 898 3549 Hec.
942 3511 1065 3561 pag.
1111 3502 1195 3547 84.
1240 3495 1329 3546 fin.
1373 3523 1442 3534 -

618 3586 683 3651 ¹⁰)
721 3603 765 3638 v.
800 3592 866 3638 86
906 3601 1051 3651 seqq.
1074 3585 1250 3635 ·Hunc
1289 3585 1541 3650 (Thesea)
1580 3583 1796 3635 simulac
1834 3586 2020 3650 cupido
2059 3586 2330 3651 conspexit
2368 3584 2560 3634 lumine

437 3673 579 3736 virgo
640 3677 780 3741 regia
833 3713 845 3725 .
901 3712 916 3726 .
976 3715 987 3728 .
1043 3690 1150 3725 non
1211 3674 1351 3739 prius
1416 3689 1479 3725 ex
1540 3674 1634 3724 illo
1684 3673 1955 3738 flagrantia
2013 3674 2289 3725 declinavit
2336 3674 2549 3735 Iumina,

440 3776 594 3825 quam
640 3775 825 3817 cuncto
874 3765 1112 3830 concepit
1150 3776 1368 3829 corpore
1405 3763 1667 3815 flammam
1708 3800 1722 3816 .
1765 3800 1779 3813 .
1825 3800 1836 3812 .
1881 3764 2017 3814 idem
2066 3770 2277 3813 narrant
2325 3764 2461 3828 quod
2501 3765 2553 3814 in

440 3848 675 3915 Cydippa
724 3853 1108 3906 Callimachus:
1164 3854 1332 3920 primo
1370 3852 1479 3903 visu
1529 3850 1668 3905 κατὰ
1709 3856 1865 3906 θετον
1903 3852 2093 3904 Aconti
2131 3864 2279 3903 amor
2314 3853 2538 3904 exardet.

438 3940 504 3991 ct'.
547 3940 754 4006 Dilthey
792 3942 916 4008 Cyd.
959 3958 1080 4010 pag.
1125 3948 1210 4007 55,
1257 3948 1342 3995 56.

613 4030 663 4097 *)
702 4030 770 4081 cf.
813 4031 985 4083 fletum
1023 4033 1271 4084 Hecales:
1311 4033 1474 4084 Naek.
1518 4031 1645 4084 Hec.
1688 4046 1809 4097 pag.
1854 4034 2160 4081 233—253.
