3092 4725
1565 272 1603 337 6

520 465 885 543 poematum
918 449 1514 525 Callimacheorum‚
1565 470 1819 513 carmen
1850 448 2085 515 LXIV
2117 461 2179 515 et
2209 449 2464 515 LXVI.
2544 449 2647 513 Ex

519 559 899 647 fragmentis·
957 556 1124 622 enim
1185 556 1311 621 illis
1359 554 1702 641 elegiarum
1765 578 1990 641 parum
2039 556 2457 643 intellegitur,
2522 580 2647 641 qua

518 669 762 734 ratione
794 664 1222 751 composuerit
1256 661 1689 727 Callimachus
1721 661 1958 749 elegias
1988 686 2137 729 suas
2170 676 2231 729 et
2250 663 2648 750 disposuerit,

521 774 842 861 quomodo
877 781 1253 858 argumenta
1285 792 1499 834 earum
1533 770 1893 834 tractaverit
1924 782 1985 836 et
2017 770 2228 855 qualia
2245 783 2648 858 argumenta3

423 920 426 924 ⁴
521 906 636 947 nec
669 879 876 967 magis
908 879 1030 943 hoc
1061 881 1179 942 no's
1213 877 1439 942 docere
1485 886 1758 962 possunt
1788 876 2008 961 hymni
2040 877 2139 942 vel
2173 878 2649 963 epigrammata,

523 990 760 1076 quippe
793 1007 1063 1071 quorum
1095 1006 1301 1071 genus
1334 981 1414 1048 ab
1433 983 1715 1069 elegiaco
1734 982 2186 1048 alienissimum
2207 984 2305 1048 sit.
2372 983 2651 1070 Cognita

518 1097 714 1183 igitur
745 1118 824 1160 ex
856 1090 1105 1158 duobus
1139 1088 1522 1156 carminibus
1554 1089 1679 1154 illis
1714 1088 2027 1175 Cyrenaei
2060 1102 2193 1156 arte
2225 1089 2383 1155 alias
2415 1090 2648 1156 Catulli

518 1204 754 1291 elegias
789 1211 1229 1287 comparantes
1263 1221 1406 1263 cum
1437 1197 1563 1262 illis
1598 1197 1919 1281 quomodo
1949 1197 2229 1264 imitatus
2263 1199 2343 1262 sit
2372 1197 2651 1262 Alexan-

519 1311 773 1377 drinum
824 1305 1249 1382 Veronensis,
1313 1306 1527 1389 quoad
1574 1304 1639 1372 id
1685 1304 1827 1369 fieri
1887 1317 2128 1392 potest,
2190 1305 2652 1392 intellegemuS.

519 1416 663 1482 Non
699 1415 865 1480 enim
899 1436 1014 1479 nos
1054 1411 1221 1499 fugit
1262 1434 1390 1476 non
1423 1410 1509 1474 nil
1543 1409 1776 1475 habere
1810 1411 2205 1478 difficultatis
2238 1435 2317 1477 ex
2347 1413 2651 1499 interpre-

521 1520 864 1589 tationibus
897 1520 1133 1597 latinis,
1167 1541 1334 1603 quae
1364 1537 1740 1605 graecorum
1769 1519 2228 1605 exemplarium
2262 1520 2523 1585 virtutes
2551 1520 2655 1584 vix

519 1630 967 1716 aequaverint,
1024 1627 1102 1691 de
1152 1625 1466 1711 Cyrenaei
1524 1636 1662 1689 arte
1722 1625 1971 1711 poetica
2016 1626 2307 1691 universe
2352 1627 2651 1692 iudicare.

519 1740 780 1803 Praeter
826 1736 1105 1801 carmina
1153 1734 1280 1798 duo
1326 1732 1435 1798 illa
1456 1777 1472 1810 ‚
1527 1753 1694 1817 quae
1738 1732 1920 1816 quasi
1962 1734 2442 1798 fundamentum
2474 1745 2657 1799 erunt

517 1846 711 1911 totius
759 1840 1206 1930 disputationis
1225 1888 1242 1919 ,
1306 1840 1557 1905 tertium
1612 1839 1875 1926 insuper
1930 1840 2175 1906 accedit
2222 1841 2654 1906 adiumentum

519 1952 722 2038 elegia-
745 1949 1125 2018 Callimachi
1152 1949 1220 2013 in
1255 1946 1621 2033 Cydippam
1656 1947 1911 2032 scripta,
1944 1971 2136 2032 quam
2171 1970 2249 2012 ex
2282 1949 2655 2035 fragmentis

520 2057 934 2145 sagacissimo
1011 2054 1302 2121 acumine
1377 2074 1751 2136 summaque
1829 2054 2118 2119 doctrina
2178 2056 2654 2121 instaurandam

522 2165 802 2251 suscepit
836 2164 934 2227 vir
962 2160 1504 2249 praeelarissimus
1537 2158 1816 2225 Carolus
1842 2159 2166 2226 Diltheius
2198 2161 2410 2247 (Lips.
2433 2163 2654 2246 1863).

518 2274 596 2337 In
631 2270 987 2335 numerosis
1018 2266 1414 2355 fragmentis,
1449 2265 1917 2333 obscurissimis
1947 2290 2140 2355 saepe
2173 2286 2234 2333 et
2266 2268 2654 2345 deformatis,

523 2380 886 2463 ubicumque
941 2374 1431 2442 Callimacheae.
1473 2376 1717 2463 elegiae
1775 2376 2050 2463 vestigia
2111 2377 2406 2462 quamvis
2466 2376 2656 2445 exilia

518 2485 893 2572 investigari
940 2484 1148 2570 potuit
1193 2482 1549 2548 enucleavit
1591 2482 1693 2547 vir
1716 2483 1823 2548 ille
1853 2496 1915 2551 et
1947 2481 2177 2549 subtili
2194 2484 2658 2570 ingeniosoque

519 2592 754 2658 iudicio
800 2593 1192 2678 composuit,
1238 2602 1310 2654 ut
1356 2590 1616 2676 longam
1647 2590 1821 2655 illam
1854 2590 1927 2656 a‘c
1961 2591 2288 2678 spinosam
2326 2591 2447 2659 sed
2486 2591 2656 2661 haud

525 2703 989 2765 infructuosam
1021 2699 1190 2762 viam
1221 2719 1596 2784 permensus
1627 2709 1887 2763 externa
1906 2698 2246 2785 Cydippae
2277 2697 2659 2763 lineamenta

525 2806 1012 2873 mooncinnarit.
1109 2804 1429 2887 Quamvis
1468 2819 1687 2870 autem
1732 2805 1939 2892 elegia
1981 2805 2090 2870 illa
2132 2806 2203 2870 in
2248 2804 2466 2892 primis
2509 2818 2655 2891 apta

522 2915 623 2991 sit,
661 2937 808 2998 qua·
827 2912 1298 2978 Callimacheae
1328 2912 1543 2998 poesis
1578 2912 1922 2998 singularis
1952 2913 2159 2978 foi-ma
2191 2931 2381 2997 atque
2409 2913 2657 2977 indoles

521 3020 1063 3106 repraesentetur,
1128 3031 1340 3084 tamen
1361 3065 1377 3095 ‚
1443 3041 1592 3083 cum
1652 3020 1907 3106 saepius
1956 3021 2311 3086 accuratior
2352 3020 2421 3084 in
2466 3018 2655 3083 rebus

521 3129 780 3194 minutis
812 3151 930 3192 nos
965 3127 1177 3214 fugiat«
1205 3125 1487 3212 cognitio
1521 3137 1582 3191 et
1615 3126 1911 3193 universa
1943 3128 2382 3192 tantummodo
2415 3127 2656 3212 elegiae

523 3234 898 3321 compositio
962 3235 1165 3321 retegi
1220 3233 1454 3320 possit,
1515 3257 1652 3299 non
1706 3234 1873 3299 idem
1922 3234 2091 3301 valet
2137 3246 2328 3319 atque
2374 3234 2657 3299 carmina

521 3341 637 3406 illa
679 3363 874 3427 supra
921 3341 1219 3407 denotata
1266 3339 1540 3425 ideoque
1581 3343 1899 3415 secundas
1948 3343 2006 3408 ei
2048 3341 2398 3408 tribuamus
2442 3351 2655 3427 partes

525 3451 875 3533 oportetst).
961 3481 966 3491 ·
1374 3480 1377 3489 ·

705 3555 832 3619 Sed
881 3554 1253 3641 priusquam
1301 3555 1383 3620 ad
1430 3555 1638 3642 ipsam
1684 3579 1816 3621 rem
1864 3557 2256 3622 tractandam
2292 3553 2653 3631 transimus,

529 3661 709 3725 liuh-*ut
757 3650 940 3728 nobis
973 3659 1098 3726 levi
1131 3662 1518 3748 attingamus
1554 3661 1811 3728 brachio
1858 3662 2267 3751 pristinorum
2301 3674 2654 3749 temporum

713 3829 761 3889 ⁸]
797 3827 904 3878 Neo
955 3827 1291 3891 neglegemus
1339 3825 1522 3874 Naekii
1573 3825 1803 3875 Hecalen
1822 3863 1837 3888 ‚
1893 3836 2050 3892 quam
2099 3827 2281 3878 eadem
2329 3826 2533 3876 ratione
2591 3840 2656 3875 ex

529 3917 749 3965 dia-“icum
811 3917 1066 3982 poematis
1129 3915 1369 3964 membris
1432 3913 1775 3964 exaedificare
1829 3917 2024 3966 studuit
2072 3917 2150 3967 vir
2196 3916 2651 3983 praeclarissimus.

537 4009 601 4053 sss.
649 4005 828 4055 :cantii
867 4005 1122 4071 opuscula
1154 4003 1410 4069 philolog.
1454 4003 1537 4055 ed.
1580 4003 1823 4059 wacker
1858 4005 1979 4059 Vol.
2020 4006 2089 4060 11.
2164 4042 2170 4048 -
