3092 4725
1652 301 1735 365 32

615 476 871 543 uberius
905 478 1229 564 profluunt
1247 476 1564 563 querellae
1596 498 1676 539 ex
1693 475 2022 541 vulnerato
2056 490 2279 563 poetae
2297 493 2583 564 pectore:
2618 484 2749 546 veri

616 597 762 649 sunt
794 585 1082 662 affectu-s,
1115 586 1247 650 veri
1282 583 1551 661 dolores,
1586 605 1771 647 verae
1804 582 2318 663 lamentationes3
2361 587 2570 652 omnia
2602 601 2746 652 sunt

616 692 963 778 simplicia,
1014 692 1099 757 nil
1143 691 1499 767 artificiosi,
1551 690 1880 775 exquisiti,
1932 691 2188 768 tumidi3
2251 693 2443 759 immo
2492 718 2570 759 ex
2608 696 2748 782 ipsa.

616 799 1051 886 simplicitate,
1104 822 1267 885 quae
1298 796 1697 863 Tibullianae
1740 798 2029 862 dictionis
2077 800 2441 864 memoriam
2475 815 2745 882 revocat,
2780 851 2806 876 .

616 907 847 972 veritas
881 907 1223 972 affectuum
1240 907 1533 972 cernitur.
1572 905 1946 971 Callimachi
1981 919 2197 970 contra
2216 927 2438 971 versus
2462 907 2747 996 elegiaci,

536 1039 539 1042 ·
616 1015 909 1099 quamvis
942 1014 1229 1100 insignes
1275 1013 1557 1079 iucunda
1591 1015 1863 1098 quadam
1899 1034 2016 1078 nec
2047 1013 2297 1078 insuavi
2330 1013 2751 1096 mollitudine,

617 1134 824 1186 tamen
861 1121 1216 1198 artificiosi,
1252 1122 1521 1187 contorti
1554 1120 1794 1206 aliquid
1827 1119 2096 1185 habent:
2145 1121 2425 1207 argutias
2474 1136 2753 1188 sectatur

621 1227 1012 1314 CyrenaeuS,
1048 1251 1165 1293 nec
1195 1228 1449 1315 placent
1482 1230 1539 1294 ei
1575 1228 1943 1316 simpliciter
1975 1229 2162 1294 dicta.
2201 1267 2278 1277 —-

752 1353 1042 1439 Sequens
1075 1354 1390 1419 distichon
1410 1365 1560 1434 (vvz
1600 1356 1890 1440 13--14)
1922 1355 2185 1420 remisso
2218 1354 2409 1419 animi
2436 1355 2653 1419 ardore
2686 1367 2747 1418 et

617 1462 857 1547 impetu
892 1462 1036 1526 trito
1068 1484 1271 1547 paene
1307 1475 1366 1525 et
1397 1459 1646 1547 vulgari
1679 1459 1970 1547 exemplo
2003 1463 2219 1527 addito
2253 1461 2594 1549 elegiacam
2613 1485 2748 1527 car-

617 1569 805 1633 minis
836 1580 1081 1654 partem
1115 1568 1423 1632 rhetorice
1454 1566 1755 1632 includit:

1012 1712 1200 1774 Qualia
1237 1714 1332 1761 sub
1373 1713 1544 1761 densis
1586 1728 1847 1762 ramorum
1887 1714 2118 1763 conciuit
2155 1714 2348 1764 umbris

1077 1802 1295 1852 Daulias
1334 1802 1590 1867 absumpti
1627 1803 1735 1853 fata
1773 1819 1982 1867 gemens
2020 1804 2204 1869 Itylei3

619 1923 999 2010 quibuscum
1034 1923 1243 1989 verbis
1279 1924 1360 1988 cf.
1393 1924 1455 1988 h.
1491 1925 1555 1987 in
1588 1924 1670 1988 L.
1706 1925 1779 1988 P.
1816 1928 1934 1989 94:

1186 2082 1362 2154 μᾶτερ
1400 2083 1507 2156 μὲν
1545 2084 1748 2154 γοερᾶν
1785 2081 1966 2136 οἶκτον
2005 2079 2307 2151 οἷηδονίδων

1116 2165 1219 2244 ἆγε
1255 2170 1396 2242 βαρὺ
1437 2174 1685 2226 κλαίοισα
1728 2211 1740 2223 .
1786 2214 1797 2226 .
1846 2214 1856 2226 .

758 2317 879 2384 Vv.
927 2317 1077 2382 inde
1109 2342 1146 2382 a
1184 2318 1262 2382 15
1297 2338 1501 2401 usque
1550 2314 1630 2380 ad
1680 2315 1758 2379 18
1793 2315 1873 2379 ad
1922 2314 2215 2379 carminis
2265 2314 2508 2379 initium
2550 2314 2750 2400 respi-

621 2427 855 2490 cientes
891 2421 1229 2489 ἀπόδοσιν
1273 2425 1517 2489 addunt
1566 2440 1626 2488 et
1659 2440 1981 2487 externam
2025 2421 2264 2508 elegiae
2296 2422 2564 2486 formam
2600 2421 2753 2485 defi-

621 2533 838 2596 niunt:

947 2655 1049 2706 Sed
1090 2663 1260 2706 tamen
1296 2656 1350 2704 in
1390 2657 1544 2706 tantis
1584 2657 1921 2717 maeroribus,
1966 2657 2196 2718 Hortale‚
2239 2657 2386 2706 mitto

1014 2745 1152 2794 Haec
1179 2755 1435 2804 ⁴expressa
1475 2746 1565 2794 tibi
1609 2746 1839 2795 carmina
1877 2747 2167 2807 Battiadae,

942 2834 1018 2884 Ne
1057 2843 1146 2883 tua
1184 2834 1322 2882 dicta
1361 2835 1502 2897 vagis
1542 2835 1889 2897 nequicquam
1928 2837 2121 2886 credita
2157 2837 2319 2887 ventis

1013 2924 1295 2973 Effluxisse
1333 2938 1449 2972 meo
1490 2922 1624 2974 forte
1663 2932 1808 2987 putes
1847 2925 2020 2973 animo
2060 2952 2129 2962 -

758 3064 883 3129 His
934 3062 1143 3129 verbis
1175 3063 1390 3127 finitur
1435 3063 1675 3150 elegia;
1725 3063 1898 3148 quod
1932 3063 2053 3128 sibi
2083 3077 2503 3151 proposuerat
2548 3078 2753 3151 poeta,

625 3173 956 3260 perfecitt‘
991 3184 1204 3237 tamen
1251 3171 1314 3234 in
1349 3193 1423 3235 eo
1473 3195 1601 3237 non
1649 3170 1994 3255 acquiescit
2030 3169 2321 3236 Catullus
2371 3173 2482 3237 sed
2514 3185 2760 3259 praeter

628 3282 910 3346 omnium
959 3278 1496 3368 exspectationem
1552 3277 1813 3343 turbans
1848 3279 2142 3343 carminis
2176 3280 2663 3345 concinnitatem
2697 3290 2757 3341 et

602 3379 690 3453 ‘in
726 3386 940 3453 orbem
976 3387 1160 3472 quasi
1193 3386 1472 3452 volutam
1506 3385 1859 3465 formam*)‚
1891 3409 2005 3473 per
2037 3388 2155 3451 tria
2187 3387 2456 3452 disticha
2475 3385 2760 3452 similitu-

630 3496 840 3560 dinem
876 3493 1163 3572 addit,2⁹)
1211 3506 1278 3557 ut
1325 3517 1499 3559 more
1546 3492 1984 3558 Alexandrino
2032 3505 2229 3558 totum
2277 3516 2503 3579 poema
2546 3494 2760 3558 nescio

630 3627 756 3687 quo
820 3601 1157 3688 splendore
1213 3601 1465 3666 afficiat.
1549 3598 1723 3682 Quid
1756 3600 1819 3664 hi
1853 3622 2073 3665 versus
2107 3600 2188 3663 ad
2234 3601 2409 3664 rem?
2469 3601 2762 3684 quamvis

532 3734 537 3739 ’
630 3732 816 3786 vera,
850 3722 1071 3786 acuta,
1114 3706 1337 3796 pulcra.
1385 3708 1464 3772 sit
1513 3708 1889 3783 similitudo,
1939 3721 2144 3771 tamen
2193 3707 2378 3770 nimis
2427 3708 2763 3773 artificiose

810 3943 861 4004 ¹⁸¹)
900 3940 1006 3992 Nec
1044 3943 1214 3993 minus
1241 3958 1399 3993 carm.
1432 3942 1604 3994 Lxlv
1631 3942 1890 4008 peroratio
1917 3941 2269 4004 inexspectata
2298 3944 2397 4005 (vv.
2434 3944 2755 4005 384-408).

810 4033 879 4093 2⁹)
920 4032 984 4080 cs.
1030 4033 1091 4080 ad
1131 4048 1176 4082 c.
1219 4032 1390 4083 LXIV
1429 4049 1475 4083 v.
1528 4040 1621 4082 105
1663 4047 1808 4095 seqq.
1890 4036 1991 4082 269
2032 4045 2181 4095 seqq.
