3092 4725
1562 231 1647 293 24

535 408 666 484 sed,
708 427 872 489 quae
913 416 1007 468 est
1040 404 1394 491 argumenti
1430 404 1710 482 durities,
1745 405 1916 469 haud
1950 406 2082 470 scio
2114 429 2193 470 an
2229 406 2371 490 quis
2403 406 2663 471 meliora

536 511 806 577 scribere
839 522 1050 596 queat.
1143 510 1246 575 En
1281 510 1476 577 habes
1508 510 1899 598 exemplum:

786 659 883 708 Ille
923 672 1130 722 quoque
1167 671 1371 707 eversus
1408 672 1558 707 mons
1597 665 1692 717 est,
1735 672 1890 722 quem
1925 658 2150 707 maxima
2187 659 2242 708 in
2280 660 2383 709 oris

852 744 1134 810 Progenies
1172 747 1336 796 Thiae
1373 747 1514 796 clara
1552 748 1936 811 supervehitur3

786 837 917 888 Cum
957 836 1093 884 Medi
1133 850 1377 900 peperere
1414 852 1603 885 novum
1644 851 1801 896 mare,
1844 851 2066 901 cumque
2102 837 2335 887 iuventus

853 925 953 973 Per
989 925 1214 975 medium
1252 924 1406 975 classi
1444 926 1665 976 barbara
1702 926 1843 975 navit
1878 926 2075 978 Athon,

717 1047 880 1112 Cum
915 1047 1139 1134 repetit
1172 1058 1363 1134 poeta
1397 1047 1491 1132 (id
1524 1048 1697 1132 quod
1728 1059 1914 1113 antea
1946 1048 2071 1114 iam
2102 1048 2169 1112 in
2200 1073 2261 1113 v.
2282 1050 2364 1112 33
2397 1049 2661 1128 fecerat)

534 1180 593 1219 v.
629 1159 711 1220 42
748 1156 1123 1219 sententiam
1158 1156 1238 1218 ad
1261 1179 1427 1220 nova
1443 1155 1867 1242 progreditur,
1901 1156 2007 1233 ita,
2029 1167 2096 1219 ut
2114 1157 2194 1221 ad
2212 1157 2488 1233 ,ferrum‘
2506 1154 2664 1219 illud

537 1287 604 1326 se
636 1263 915 1326 referens
951 1270 1110 1348 (quo
1144 1262 1533 1328 transitionis
1567 1285 1804 1349 genere
1835 1263 1962 1328 iam
1994 1264 2059 1328 in
2093 1288 2196 1328 vv.
2221 1266 2302 1327 14
2322 1277 2378 1327 et
2401 1266 2481 1327 22
2511 1285 2663 1326 usus

533 1376 694 1450 erat)
727 1368 926 1434 tribus
959 1368 1247 1436 versibus
1265 1370 1668 1436 vehementer
1685 1381 1744 1436 et
1761 1371 2070 1437 rhetorice
2087 1373 2148 1435 in
2171 1370 2490 1436 metallum
2508 1369 2664 1434 illud

534 1476 871 1544 invehatur
903 1477 999 1541 his
1032 1474 1271 1541 verbis:

992 1605 1249 1669 Juppiter‚
1295 1611 1352 1653 ut
1389 1603 1665 1668 Chalybon
1704 1620 1855 1654 omne
1892 1620 2054 1669 genus
2095 1613 2275 1669 pereat

922 1695 987 1743 Et
1025 1694 1114 1757 qui
1152 1694 1407 1759 principio
1446 1694 1541 1742 sub
1582 1701 1716 1743 terra
1753 1709 2000 1759 quaerere
2039 1709 2195 1744 venas

995 1783 1186 1833 Institit
1220 1799 1280 1832 ac
1317 1783 1439 1832 ferri
1477 1783 1718 1848 frangere
1756 1783 2024 1835 duritiem!

711 1907 947 1970 Iterum
982 1906 1079 1969 his
1113 1905 1426 1992 elegiacos
1460 1906 1757 1969 carminis
1785 1929 2010 1970 sensus
2028 1906 2447 1972 intermittens
2468 1905 2666 1972 Calli-

534 2014 794 2077 machus
828 2012 1140 2077 sedatiore
1172 2012 1455 2077 oratione
1488 2025 1811 2075 externam
1843 2013 2151 2098 poematis
2184 2017 2450 2077 formam
2483 2038 2596 2100 per
2629 2017 2666 2078 9

535 2120 806 2184 disticha
838 2120 918 2183 ad
933 2120 1124 2183 finem
1156 2118 1460 2205 perducit,
1494 2131 1563 2182 ut
1591 2116 1839 2196 habeat,
1875 2118 2044 2182 unde
2062 2141 2302 2195 versuS,
2336 2119 2398 2182 in
2434 2119 2666 2203 quibus

534 2229 736 2314 ipsius
785 2226 1027 2313 elegiae
1059 2226 1154 2290 vis
1188 2248 1263 2289 ac
1295 2236 1521 2290 natura
1553 2225 1763 2312 posita
1796 2225 1895 2303 sit,
1939 2236 2374 2290 annectantur.
2414 2265 2492 2273 ——
2528 2226 2665 2289 Lu-

535 2333 830 2424 gentibus
879 2334 1086 2400 adhuc
1135 2331 1454 2400 sororibus
1506 2333 1808 2399 amissum
1855 2332 2089 2398 crinem
2138 2335 2310 2400 venit
2358 2333 2666 2399 Arsinoes

535 2443 845 2508 Locridos
897 2441 1027 2506 ales
1078 2464 1279 2527 equus
1328 2456 1387 2507 et
1420 2464 1539 2521 me,
1577 2465 1844 2520 comam,
1878 2442 1943 2506 in
1978 2441 2244 2507 Veneris
2276 2442 2519 2529 gremio
2550 2465 2667 2528 po-

504 2549 683 2614 suit.
762 2549 913 2636 Ipsa
957 2550 1076 2613 dea
1109 2548 1467 2636 Zephyritis
1509 2549 1800 2614 nuntium
1833 2550 2106 2628 miserat,
2155 2574 2235 2615 ne
2268 2550 2402 2616 sola
2434 2549 2666 2615 Ariad-

539 2680 652 2721 nes
686 2678 875 2721 aurea
910 2679 1146 2721 corona
1179 2658 1241 2721 in
1279 2658 1456 2722 coelo
1487 2656 1761 2743 fulgeret
1794 2669 1853 2721 et
1870 2658 2026 2721 mihi
2045 2681 2211 2723 novo
2228 2659 2390 2723 inter
2406 2658 2665 2742 antiqua

537 2776 706 2828 astra
724 2763 931 2827 locum
953 2762 1168 2828 tribuit
1183 2764 1361 2828 iuxta
1381 2762 1647 2829 Callisto
1667 2764 2045 2851 Lycaonida
2068 2766 2405 2846 (51—68).
2471 2763 2669 2828 Calli-

536 2871 828 2935 machum
864 2871 1120 2935 doctum
1152 2870 1395 2957 elegiae
1427 2894 1632 2959 genus
1666 2894 1912 2937 summo
1946 2872 2156 2937 studio
2190 2872 2416 2938 sectari
2432 2871 2497 2935 hi
2515 2895 2667 2956 quo-

537 3000 661 3063 que
710 3000 932 3041 versus
981 2977 1198 3042 diserti
1240 2992 1387 3043 sunt
1435 2992 1657 3044 testes:
1692 2978 1944 3043 abunde
1975 2979 2189 3044 omnia
2236 2978 2668 3066 mythologica

538 3109 665 3149 non
711 3085 919 3149 minus
968 3108 1159 3169 quam
1206 3086 1632 3150 astronomica
1680 3087 1968 3151 doctrina
2013 3087 2322 3152 rhetorice
2369 3086 2668 3151 distincta

536 3204 597 3256 et
629 3192 940 3257 illustrata-
973 3205 1139 3256 sunt.
1220 3193 1465 3258 Eadem
1507 3193 1778 3273 ratione,
1831 3217 1956 3278 qua
2005 3195 2072 3257 in
2104 3218 2164 3259 v.
2200 3196 2282 3258 39
2317 3194 2440 3280 ipsi
2486 3193 2666 3279 lyrici

538 3322 761 3363 sensus
795 3299 1068 3363 externis
1099 3300 1582 3364 innectebantur
1612 3299 2032 3379 lineamentis,
2065 3313 2132 3366 ut
2151 3325 2331 3367 coma
2350 3302 2430 3366 ad
2464 3301 2668 3387 ipsam

536 3406 822 3492 reginam
855 3429 1164 3471 conversa
1194 3408 1448 3473 intimos
1480 3411 1754 3496 pectoris
1788 3432 2011 3474 sensus
2045 3411 2313 3497 aperiret
2345 3421 2405 3473 et
2437 3406 2667 3492 quibus

538 3511 869 3578 affectibus
886 3529 1243 3579 moveretur
1258 3516 1603 3580 admodum
1622 3516 1977 3581 vehementi
1994 3518 2273 3582 oratione
2292 3516 2667 3589 ostenderet,

538 3621 642 3684 hic
689 3622 910 3686 eodem
959 3622 1146 3686 modo
1190 3622 1268 3687 de
1315 3645 1430 3687 suo
1473 3623 1675 3708 ipsius
1710 3624 1926 3699 dolore
1957 3636 2017 3688 et
2052 3622 2339 3688 sensibus
2371 3621 2667 3705 loquitur.

542 3727 670 3793 Sed
704 3727 813 3812 qui
846 3748 1091 3793 conexa
1124 3740 1270 3810 sunt
1302 3729 1460 3794 haec
1491 3752 1642 3793 cum
1668 3730 1766 3805 iis,
1801 3752 1964 3814 quae
1996 3729 2421 3795 antecedunt?
2466 3727 2668 3792 Plane

541 3835 811 3898 eundern
843 3835 909 3898 in
937 3837 1217 3913 modum,
1251 3859 1378 3921 quo
1399 3860 1592 3922 supra
1610 3861 1669 3901 v.
1691 3839 1772 3901 39
1793 3841 1959 3901 iacta
1979 3837 2413 3923 oppositione:
2449 3860 2671 3921 quam-

541 3965 729 4025 quam
786 3942 1017 4005 divinis
1066 3941 1410 4008 honoribus
1446 3944 1705 4030 dignam
1741 3966 1841 4007 me
1885 3944 2134 4029 putavit
2168 3943 2406 4022 Venus,
2458 3955 2666 4010 tamen
