3092 4725
1451 317 1568 387 21,

421 495 537 571 vit,
597 516 726 570 me,
776 490 1117 555 Berenices
1168 513 1411 555 comam
1455 488 1726 576 fulgenti
1774 491 1838 553 in
1888 490 2126 554 lumine
2172 492 2334 556 inter
2382 506 2555 556 astra

421 601 693 687 aspexit,
712 621 810 662 me
829 621 1017 682 quam
1036 598 1258 683 regina
1277 597 1396 661 diis
1412 598 1689 675 devovit,
1720 620 1862 661 cum
1882 597 1980 660 vir
1996 598 2211 684 paullo
2228 610 2374 685 post
2394 622 2556 685 nup-

422 709 625 793 tiasffl)
660 706 948 792 Assyriis
991 704 1225 769 bellum
1257 704 1469 769 intulit
1501 707 1798 784 (1—14).
1891 704 2122 769 Totum
2156 705 2275 770 hoc
2306 706 2553 771 initium

421 840 534 903 per
566 815 683 879 tria
717 813 986 879 disticha
1016 812 1321 887 volutum,
1357 835 1744 896 quamquam
1778 810 2100 876 tolerabile
2119 813 2368 877 videtur
2385 816 2555 899 quod

423 922 730 1010 posterior
776 920 1083 985 enuntiati
1130 942 1278 1005 pars
1312 931 1610 1003 quattuor
1643 918 1912 983 disticha
1943 919 2329 1005 amplectens
2360 921 2552 1006 priori

421 1054 536 1116 par
566 1041 679 1106 est,
729 1039 969 1115 aptum,
1018 1039 1085 1090 ut
1118 1026 1205 1090 ita
1240 1026 1467 1105 dicam,
1505 1025 1923 1112 ἀντίρροπον
1953 1024 2288 1113 praebenS,
2340 1041 2548 1092 tamen

422 1137 587 1221 quod
641 1136 721 1200 ad
772 1133 1148 1199 sententiam
1196 1132 1439 1210 attinet,
1471 1133 1728 1220 longius
1763 1134 2013 1198 videtur
2046 1156 2219 1212 esse3
2269 1135 2548 1199 variatur

420 1245 582 1309 enim
618 1257 679 1308 et
712 1241 1135 1328 amplificatur
1166 1239 1339 1304 nulla
1374 1251 1642 1326 cogente
1672 1242 2047 1305 causaidem
2071 1263 2333 1318 sensus3
2368 1241 2581 1305 simul.

419 1351 632 1415 oblata
693 1351 813 1413 hac
876 1348 1210 1412 occasione
1259 1370 1385 1411 non
1433 1348 1879 1432 praetermissa
1928 1349 2253 1412 doctrinae
2302 1348 2553 1433 mytho-

419 1458 667 1542 logicae
716 1455 1036 1541 specimen
1070 1454 1346 1529 affertur,
1393 1458 1550 1537 (quo
1597 1455 1660 1517 in
1695 1478 1929 1541 genere
1962 1454 2282 1520 uberiores
2318 1455 2553 1519 versari

420 1562 895 1628 Alexandrinos
941 1574 1163 1647 poetas
1210 1583 1401 1647 supra
1449 1560 1576 1624 iam
1610 1564 1997 1641 notavimus)
2035 1561 2458 1649 Endymionis
2493 1574 2553 1626 et

421 1670 672 1735 Dianae
707 1692 974 1747 amores,
1009 1669 1180 1754 quod
1215 1670 1327 1733 toti
1360 1668 1502 1733 loco
1538 1671 1753 1734 nescio
1786 1693 1976 1762 quem
2012 1670 2410 1757 splendorem
2446 1670 2550 1734 tri·

422 1777 592 1842 buat.
687 1776 846 1841 Inde
880 1801 918 1841 a
950 1801 1011 1840 v.
1049 1779 1127 1842 15
1178 1778 1320 1862 ipsa
1366 1775 1586 1861 incipit
1638 1777 1874 1862 elegia:
1920 1790 2265 1842 nocturnae
2297 1777 2444 1841 illae
2486 1803 2552 1841 a-

421 1885 724 1950 mantium
775 1885 970 1960 rixae,
1021 1906 1182 1967 quas
1232 1884 1748 1975 commemoravit
1781 1883 2067 1947 ultimum
2104 1885 2439 1962 distichon,
2488 1887 2550 1948 in

420 2002 646 2080 poetae
677 1992 887 2056 animo
920 1989 1355 2075 quaestionem
1390 1990 1934 2055 excitant:·Estne
1968 1992 2151 2056 novis
2171 1993 2386 2079 nuptis
2405 1992 2552 2056 odio

419 2100 684 2163 Venus?
745 2098 1080 2163 Eiusmodi
1113 2097 1311 2184 igitur
1342 2098 1712 2162 transitione
1750 2121 1903 2163 usus
1936 2112 2060 2176 est,
2096 2122 2257 2185 quae
2293 2100 2550 2164 fortuito

417 2209 586 2270 facta
634 2206 922 2270 videatur
969 2228 1145 2283 esse,
1205 2207 1313 2270 sed
1364 2205 1586 2291 procul
1636 2205 1830 2269 dubio
1879 2221 2010 2270 arte
2044 2225 2138 2269 est
2170 2208 2550 2292 excogitata.

420 2314 655 2378 Amare
689 2313 852 2377 enim
882 2312 1031 2378 talia
1052 2312 1536 2389 Callimachum,
1574 2313 1999 2396 quaestiones,
2035 2312 2549 2390 exclamationes,

418 2421 723 2486 rhetorice
758 2421 923 2486 dicta
957 2421 1036 2485 ad
1071 2443 1124 2485 e.
1158 2419 1391 2485 LXIV
1430 2443 1488 2483 v.
1509 2421 1591 2483 94
1626 2421 1750 2485 iam
1785 2418 2285 2486 observavimus.
2350 2421 2547 2485 Primi

416 2528 594 2612 lyrici
633 2551 852 2592 versus
889 2532 960 2593 6:

736 2675 896 2723 Estne
933 2674 1078 2724 novis
1120 2673 1292 2737 nuptis
1331 2672 1449 2721 odio
1490 2672 1703 2721 Venus?
1741 2688 1876 2722 anne
1915 2681 2186 2737 parentum

808 2764 1140 2812 Frustrantur
1181 2762 1319 2812 falsis
1360 2762 1552 2825 gaudia
1589 2763 1870 2812 lacrimulis
1936 2833 1956 2842 δ

742 2852 972 2901 Ubertim
1011 2853 1062 2900 in
1106 2852 1313 2901 thalami
1355 2867 1482 2914 quas
1521 2853 1653 2900 intra
1693 2852 1873 2901 limina
1915 2853 2168 2902 fundunt?

804 2940 940 3001 Non,
984 2941 1056 2990 ita
1092 2956 1175 2990 me
1213 2940 1331 3000 divi,
1375 2956 1495 2989 vera
1534 2949 1762 3003 gemunt,
1807 2942 2026 2991 iueriut!

736 3030 794 3080 Id
832 3045 948 3080 mea
985 3044 1067 3081 me
1103 3030 1279 3079 multis
1316 3030 1493 3078 docuit
1530 3031 1711 3092 regina
1750 3032 1991 3095 querellis

805 3120 1065 3170 Invisente
1103 3134 1237 3169 novo
1275 3119 1473 3182 praelia
1509 3128 1655 3168 torva
1691 3120 1801 3169 viro
1844 3148 1906 3157 —-·

414 3260 577 3323 inter
624 3282 691 3323 se
737 3259 1072 3325 cohaerent
1105 3271 1164 3324 et
1197 3282 1394 3323 unum
1435 3259 1622 3343 quasi
1654 3260 1997 3325 conficiunt
2030 3284 2289 3346 corpus:
2323 3275 2546 3348 penta-

413 3377 611 3431 meter
641 3366 841 3432 enim:
874 3367 1042 3444 Non,
1074 3367 1294 3447 ita,me
1327 3367 1457 3430 divi
1494 3416 1508 3429 .
1547 3414 1563 3430 .
1599 3416 1614 3430 .
1651 3414 1666 3430 .
1698 3367 2040 3452 respondet
2073 3369 2548 3453 quaestionibus

413 3485 474 3539 et
507 3473 913 3539 confirmatur
969 3474 1257 3559 sequenti
1306 3473 1594 3539 disticho.
1663 3472 1947 3540 Omnino
1979 3474 2122 3540 licet
2156 3478 2446 3542 attendas
2476 3477 2544 3542 in

595 3692 662 3753 ¹⁸)
704 3691 857 3752 Quod
887 3693 951 3742 ad
981 3707 1062 3742 vv.
1100 3697 1306 3740 13-14
1333 3691 1547 3741 attinet:
1590 3692 1783 3742 Dulcia
1821 3702 2104 3744 nocturnae
2142 3700 2353 3757 portans
2392 3696 2541 3744 vesti-

414 3779 499 3843 gia
559 3782 733 3840 rixae,
802 3781 970 3843 Quam
1021 3782 1085 3830 de
1146 3781 1393 3844 virgineis
1455 3791 1687 3846 gesserat
1745 3784 1940 3832 exuviis
1994 3784 2058 3832 cf.
2116 3783 2170 3831 in
2222 3782 2542 3834 Aristaeneti

411 3870 651 3934 paraphr.
697 3871 966 3936 Cydippae
1003 3872 1324 3922 simillimum
1362 3873 1565 3922 locum:
1621 3870 1647 3923 ὁ
1689 3865 1749 3924 δ’
1787 3861 1886 3924 οὖν
1925 3871 1987 3941 τῇ
2023 3874 2288 3944 παρθένῳ
2324 3873 2541 3947 βραχέα

412 3956 843 4029 νυκτομαχήσας
891 3978 944 4014 κ.
997 3979 1042 4011 τ.
1097 3958 1145 4012 λ..
1226 3971 1276 4012 et
1324 3970 1589 4027 praeterea
1637 3964 1848 4033 Dilthey
1898 3978 2016 4031 pag.
2075 3968 2161 4021 99.
2239 3963 2296 4013 In
2351 3964 2538 4022 talibus

407 4049 566 4119 igitur
603 4049 699 4099 sibi
737 4050 909 4120 placet
946 4051 1259 4120 Cyrenaeus.
