3092 4725
1542 329 1626 393 14

513 501 692 566 varia
731 523 988 587 genera.
1071 500 1466 565 Describitur
1497 501 1683 566 aulae
1712 502 1930 589 regiae
1959 501 2279 587 splendor,
2311 503 2470 568 deae
2500 502 2642 588 pul-

511 609 695 673 vinar
724 608 973 694 geniale
1005 607 1330 692 vestisque
1362 607 1845 694 conchyli-fuco
1877 608 2111 674 tincta:
2233 618 2240 625 '

936 737 1080 786 Haec
1119 736 1269 786 vestis
1306 736 1488 797 priscis
1526 735 1799 785 'hominum
1833 736 2032 786 variata
2070 736 2248 799 figuris
2297 743 2302 752 ’
2385 727 2408 768 ²
2447 755 2450 760 ·

935 827 1167 878 Heroum
1202 826 1333 875 mira
1369 826 1581 880 virtutes
1618 825 1819 876 indicat
1856 832 1964 875 arte
2002 853 2069 864 --

687 928 811 994 His
844 928 1058 995 verbis
1088 930 1365 994 traducit
1402 940 1600 1016 poeta
1631 930 1712 994 ad
1744 929 2170 1008 narrationem
2202 932 2281 995 de
2314 930 2640 998 Ariadnae

509 1036 794 1100 desertae
839 1037 988 1101 fletu
1037 1039 1273 1101 factam
1290 1042 1388 1117 *),
1438 1060 1603 1121 quae
1653 1040 1779 1102 212
1813 1061 1918 1101 vv.
1952 1037 2283 1124 complexa
2322 1037 2389 1101 in
2431 1037 2639 1101 medio

508 1143 783 1208 carmine
815 1145 945 1207 408
990 1166 1288 1210 versuum
1335 1144 1547 1230 posita
1593 1158 1710 1211 est.
1793 1145 2222 1210 Lenocinium
2267 1144 2391 1210 hoc
2433 1154 2530 1208 est
2561 1166 2639 1207 ex

506 1271 679 1313 more
724 1261 1055 1336 poetarum
1089 1250 1706 1329 Alexandrinorum,
1739 1273 1867 1336 quo
1898 1252 2162 1317 incitent
2202 1251 2465 1318 lectores
2500 1251 2639 1318 dul-

510 1358 834 1421 cissimam
867 1357 1164 1423 carminis
1198 1359 1567 1434 varietatem
1600 1370 1978 1443 sequentes„
2022 1358 2477 1436 Callimachus,
2512 1381 2639 1446 quo

507 1475 601 1528 est
649 1465 1032 1550 cyclicorum
1079 1465 1428 1530 carminum
1475 1467 1717 1544 taedio,
1778 1469 1987 1531 facere
2033 1490 2165 1552 non
2209 1467 2436 1553 potuit,
2485 1467 2637 1550 quin

507 1572 695 1636 etiam
728 1572 878 1637 huic
907 1572 1141 1659 epyllio
1175 1583 1545 1637 ornamento
1565 1574 1646 1637 ad
1678 1573 1940 1658 lyricam
1972 1574 2195 1659 poesin
2227 1574 2640 1660 propensiore

506 1690 841 1744 venustam
903 1680 1225 1764 quandam
1286 1680 1555 1748 adderet
1610 1680 2028 1751 dulcedinem.
2124 1680 2419 1762 Narratio
2480 1680 2638 1748 haec

506 1787 841 1852 artificiose
874 1787 1284 1860 toticarmini
1317 1787 1571 1866 innexa,
1606 1812 1734 1873 qua
1765 1802 1860 1868 est
1892 1807 2184 1854 versuum
2214 1786 2636 1862 multitudine,

503 1894 725 1981 procul
758 1893 952 1959 dubio
986 1895 1177 1981 epylli
1223 1895 1602 1981 gravissima
1646 1920 1794 1981 pars
1829 1907 1944 1974 est,
1987 1920 2178 1981 quam
2214 1919 2459 1960 summa
2505 1907 2638 1959 arte

507 2023 882 2085 summoque
923 2001 1131 2064 studio
1165 2002 1448 2066 condidit
1479 2015 1669 2088 poeta
1701 2015 1761 2066 et
1794 2001 2073 2067 elimavit
2089 2001 2191 2087 *Ἴ
2270 2001 2636 2088 Sedipsam

507 2108 815 2173 curiosius
846 2107 1281 2172 examinemus
1313 2130 1465 2173 rem.

682 2215 843 2279 Inde
875 2238 912 2278 a
944 2237 1005 2277 v.
1041 2215 1124 2280 52
1157 2237 1360 2299 usque
1394 2214 1474 2280 ad
1512 2219 1596 2282 70
1630 2217 1843 2281 omnia
1876 2215 2216 2280 cohaerent
2247 2226 2309 2280 et
2357 2212 2636 2301 prolabi-

505 2337 605 2389 tur
636 2322 913 2388 narratio
957 2323 1090 2389 sine
1136 2323 1590 2401 haesitatione3
1642 2322 1940 2389 describit
1989 2334 2179 2410 poeta
2211 2322 2563 2388 Ariadnam
2593 2344 2635 2386 a

504 2432 754 2497 Theseo
804 2432 1115 2496 desertam
1163 2432 1227 2495 in
1274 2431 1457 2497 litore
1488 2431 1657 2496 Diae
1689 2431 2068 2497 fluentisono
2101 2441 2636 2518 prospectantem,

504 2538 736 2624 quibus
785 2539 1100 2604 crucietur
1147 2537 1507 2603 doloribus:
1559 2539 1646 2602 nil
1696 2553 1874 2605 curat
1921 2537 2252 2624 delapsum
2301 2563 2339 2603 a
2372 2556 2636 2623 corpore

501 2646 800 2712 vestitum
832 2656 977 2711 ante
1008 2647 1204 2733 pedes
1222 2645 1416 2711 alludi
1434 2647 1644 2724 undis,
1680 2657 1812 2712 toto
1830 2646 2041 2711 animo
2059 2647 2291 2732 pendet
2311 2644 2634 2711 eTheseo.

502 2753 625 2820 Vv.
661 2754 919 2820 71-75
969 2753 1381 2840 respicientes
1430 2776 1525 2831 ea,
1577 2776 1741 2839 quae
1790 2764 1976 2818 antea
2008 2756 2176 2819 facta
2211 2764 2389 2818 erant
2421 2752 2634 2817 adse-

502 2863 760 2948 quentia
807 2861 1243 2927 transducunt.
1324 2860 1427 2924 En
1480 2859 1678 2926 habes
1713 2859 2091 2926 Callimachi
2135 2861 2438 2943 narrandi
2486 2860 2634 2924 arti-

500 2970 733 3047 ficium,
767 2968 945 3034 cuius
964 2967 1343 3034 observandi
1371 2967 1543 3032 haud
1576 2991 1815 3055 paucas
1834 2968 2228 3034 inveniemus
2247 2967 2632 3032 occasiones.

502 3076 793 3162 Namque
829 3075 1198 3162 Cyrenaeus
1246 3098 1325 3140 ne
1376 3075 1557 3160 epico
1588 3098 1763 3141 more
1794 3097 1893 3141 res
1926 3077 2201 3141 naturali
2234 3092 2294 3139 et
2324 3084 2632 3161 perpetua

505 3184 664 3249 serie
696 3183 1041 3249 defluentes
1074 3194 1284 3248 narret
1315 3205 1785 3270 praeoccupare
1805 3183 1962 3248 solet
1993 3182 2363 3269 posteriora,
2399 3192 2467 3246 ut
2483 3180 2631 3245 inde

501 3291 665 3358 flexo
696 3291 917 3359 itinere
949 3291 1368 3377 regrediendo
1399 3313 1502 3356 res
1518 3302 1709 3357 antea
1740 3301 1958 3377 gestas
1990 3302 2407 3377 persequatur
2428 3288 2652 3357 donec

506 3422 727 3464 rursus
774 3398 944 3465 unde
990 3398 1436 3467 exordiebatur
1481 3400 1688 3464 rediit.
1709 3403 1765 3484 ⁹)
1846 3396 1997 3479 Quo
2044 3397 2135 3475 fit,
2183 3409 2252 3463 ut
2282 3397 2630 3484 legentium

680 3546 730 3611 ⁶)
769 3544 958 3596 Thesei
996 3540 1226 3594 fabulam
1262 3544 1470 3610 saepius
1509 3550 1757 3597 tractasse
1800 3543 2006 3596 Gallim.
2048 3550 2280 3593 constat:
2338 3543 2403 3594 cf.
2446 3542 2629 3592 Naekii

506 3635 699 3686 Hecale
737 3649 856 3701 pag.
903 3639 967 3683 55
1008 3648 1154 3699 seqq.
1198 3642 1248 3684 et
1283 3646 1404 3699 pag.
1450 3641 1514 3684 65
1557 3635 1646 3689 fin.

676 3720 755 3788 ”)
794 3722 862 3773 cf.
905 3737 1038 3788 quae
1078 3724 1139 3774 de
1178 3722 1339 3788 lyrica
1376 3722 1594 3775 Hecales
1632 3729 1778 3785 parte
1816 3721 1996 3771 scribit
2019 3719 2190 3772 Naek.
2220 3735 2341 3786 pag.
2381 3722 2475 3771 117
2518 3722 2616 3770 fin:

505 3812 727 3878 insignis
768 3828 886 3878 pars
937 3812 1210 3874 carminis,
1265 3814 1317 3862 in
1359 3828 1459 3876 qua
1499 3810 1881 3863 Callimachum
1919 3809 2083 3860 multa
2121 3824 2237 3859 cum
2277 3809 2543 3874 diligentia
2579 3818 2630 3859 et

506 3916 623 3951 cum
659 3916 756 3951 sua
792 3902 1057 3965 voluptate
1096 3902 1390 3952 elaborasse
1427 3900 1674 3951 credibile
1712 3907 1805 3950 est.

684 3974 732 4036 ⁹)
769 3973 831 4022 In
882 3972 1116 4038 Cydippa
1164 3973 1370 4022 initium
1421 3973 1697 4022 enarrandi
1748 3971 1904 4021 sumit
1953 3971 2016 4021 ab
2057 3972 2239 4022 eadem
2290 3986 2375 4034 re,
2430 3971 2484 4021 in
2524 3984 2627 4034 qua

505 4062 710 4124 desinit,
753 4062 958 4127 nuptias
997 4062 1112 4112 dico
1140 4061 1402 4128 Cydippae
1442 4068 1493 4112 et
1517 4061 1743 4113 Aconti:
1799 4061 1879 4112 his
1916 4060 2172 4127 principio
2212 4060 2624 4112 commemoratis
