3092 4725
1519 281 1556 342 7

473 454 811 541 scriptores
841 452 1158 539 elegiacos
1186 474 1478 539 graecos,
1512 473 1657 522 cum
1676 453 1800 520 nisi
1815 452 1960 538 quis
1993 455 2286 537 quamvis
2302 452 2607 520 subitaria

471 561 803 647 diligentia
846 559 1127 628 carmina
1166 559 1279 624 illa
1318 559 1549 645 legerit
1594 560 1764 628 iusto
1809 559 2049 626 iudicio
2083 559 2303 630 miram
2336 560 2510 626 illam
2543 572 2608 630 et

471 669 849 754 exquisitam
886 666 1461 734 Alexandrinorum
1508 680 1708 734 artem
1742 667 2074 738 aestimare
2105 690 2180 731 ac
2208 669 2604 756 perpendere

469 800 599 844 non
661 787 870 860 queat.
978 775 1228 860 Atque,
1280 775 1451 858 quod
1497 774 1706 862 primo
1754 774 1968 842 statim
2015 771 2240 844 obtutu
2286 773 2603 853 omnibus,

473 882 837 967 quicunque
868 879 1148 967 Tyrtaei,
1176 880 1563 968 Mimnermi,
1599 879 1856 948 Solonis
1890 879 2128 972 elegias
2161 881 2342 972 legit,
2374 880 2605 968 proba·

470 1003 570 1056 tur
615 988 986 1076 simplicitas
1033 988 1142 1056 illa
1188 1000 1285 1054 est
1329 988 1480 1054 artis
1529 1011 1658 1074 qua
1700 988 2076 1074 composita·
2102 999 2251 1056 sunt
2298 990 2602 1056 carmina.

468 1095 706 1164 Omnia
752 1096 1039 1166 nativum
1084 1106 1339 1182 gestant
1382 1095 1659 1162 colorem
1678 1144 1695 1175 ,
1755 1094 1845 1161 nil
1876 1094 2211 1180 exquisiti,
2260 1095 2603 1176 artificiosi,

469 1202 772 1270 contorti:
804 1202 1126 1290 profluunt
1161 1225 1380 1270 versus
1414 1224 1489 1268 ex
1520 1202 1743 1269 intimo
1772 1214 2026 1290 pectore
2059 1203 2248 1268 nullis
2266 1201 2603 1274 subtilibus

466 1311 619 1376 artis
650 1311 888 1380 normis
914 1308 1254 1389 'obstrictm
1303 1322 1680 1397 argumenta
1712 1308 2060 1377 camlinum
2094 1309 2429 1397 simplicia,
2473 1311 2604 1378 dis.-

465 1417 698 1505 positio
744 1417 1112 1504 perspicua,
1136 1418 1331 1486 ,facta
1364 1414 1743 1504 plerumque
1791 1416 2193 1504 oppositione
2240 1418 2604 1506 proceditur

467 1535 528 1592 et
574 1523 996 1609 amplificatur
1039 1536 1504 1611 argumentum.
1609 1523 1936 1600 Exordio‚
1985 1546 2114 1612 qua
2161 1535 2308 1592 sunt
2355 1524 2602 1612 elegiae

467 1629 868 1716 simplicitate
916 1640 979 1695 et
1011 1629 1340 1710 brevitate,
1396 1629 1485 1696 nil
1518 1653 1681 1718 opus
1714 1641 1832 1709 est,
1883 1630 2095 1696 statim
2127 1631 2194 1696 in
2224 1632 2478 1700 medias·
2497 1655 2600 1702 res

464 1736 871 1823 progreditur
914 1749 1124 1825 poeta.
1208 1737 1460 1806 Desunt
1502 1737 1703 1825 igitur
1746 1737 2096 1804 rhetoricae
2158 1739 2603 1808 transitionum

465 1844 809 1921 formulae,
875 1844 1052 1912 deest
1099 1844 1450 1932 exquisitae
1497 1843 1824 1912 doctrinae
1873 1845 2190 1922 studium3
2252 1845 2603 1934 simplicem

466 1966 755 2018 naturam
789 1950 1003 2018 omnia
1033 1950 1336 2017 redolent.
1426 1950 1648 2018 Primo
1679 1950 1893 2020 statim
1925 1950 2235 2018 disticho:

778 2074 1142 2149 Τεθνάμεναι
1178 2073 1292 2147 γὰρ
1328 2073 1503 2132 καλᾶν
1539 2075 1628 2132 ent
1661 2074 2004 2150 πραμοῖχοισι
2041 2075 2279 2132 πεσόντα

941 2160 1100 2238 ἄνδρ’
1141 2161 1368 2236 ἀγαθὸν
1403 2166 1525 2238 περὶ
1561 2158 1599 2237 ᾗ
1632 2166 1852 2239 πατρίδι
1884 2163 2257 2239 μαρνάμενον

640 2271 954 2358 Tyrtaeus
987 2272 1051 2338 in
1086 2273 1293 2359 ipsum
1329 2272 1629 2338 carminis
1661 2286 2107 2363 argumentum
2134 2271 2399 2350 inducit,
2429 2272 2603 2355 quod

462 2381 605 2447 sine
646 2379 778 2444 ulla
824 2379 1220 2466 digressione
1268 2401 1475 2465 usque
1519 2379 1605 2445 ad
1649 2378 1840 2447 finem
1888 2378 2131 2466 elegiae
2176 2379 2598 2469 persequitur.

464 2484 833 2574 Simplicem
880 2489 947 2552 in
993 2487 1252 2551 modum
1300 2485 1570 2551 alterum
1614 2486 1930 2555 distichon
1979 2487 2151 2555 sacta
2198 2487 2601 2575 oppositione

459 2605 907 2680 argumentum
969 2592 1300 2683 producit:
1349 2591 1729 2659 describitur
1773 2594 1995 2681 ignavi
2043 2592 2421 2663 miserabilis
2461 2617 2601 2661 sors

461 2723 666 2785 usque
696 2701 778 2769 ad
812 2725 871 2766 v.
926 2704 1053 2769 10:-
1077 2699 1166 2765 nil
1198 2711 1480 2767 moratur
1508 2713 1700 2786 poeta
1731 2700 2294 2769 inconcinnitatem
2325 2700 2601 2788 partium

461 2830 609 2875 cum
646 2807 817 2892 prior
851 2807 1357 2875 enuntiationum
1389 2808 1553 2876 inter
1584 2830 1654 2877 se
1685 2808 2126 2897 oppositarum
2157 2806 2407 2877 duobus
2449 2830 2601 2873 con-

459 2914 706 2981 ficiatur
727 2912 1036 2997 versibuS,
1055 2913 1252 2981 altera
1270 2927 1435 2994 octo,
1469 2915 1585 2980 sed
1601 2914 1770 2983 facta
1790 2914 2199 2985 conclusione
2222 2917 2420 2997 (11-
2433 2918 2544 2997 12)
2563 2938 2598 2980 e

462 3021 733 3109 vestigio
781 3022 863 3089 ad
908 3021 1385 3090 adhortationes
1430 3033 1765 3109 properat,
1815 3022 1879 3089 in
1926 3021 2159 3109 quibus
2189 3023 2436 3109 reliqua
2467 3033 2601 3106 tota

460 3140 749 3197 versatur
809 3127 1037 3217 elegia.
1088 3169 1170 3178 —-
1219 3128 1592 3195 Mimnermi
1652 3129 1933 3197 carmina
1979 3129 2288 3202 amatoria
2335 3152 2598 3197 suavem

459 3235 765 3322 spirantia
796 3236 1257 3307 mollitudinem
1286 3259 1555 3323 prorsus
1587 3238 1807 3305 eodem
1835 3238 2189 3323 composita
2206 3247 2352 3305 sunt
2371 3237 2594 3303 modo:

454 3353 906 3430 argumentum
980 3366 1096 3431 per
1155 3365 1225 3408 se
1286 3343 1823 3430 simplicissimum
1881 3343 2008 3410 nisi
2068 3342 2419 3413 rationibus
2474 3341 2596 3411 sibi

458 3450 771 3538 oppositis
801 3473 930 3517 non
963 3449 1281 3515 variatur:

731 3568 819 3627 Τίς
854 3567 915 3621 δὲ
949 3567 1081 3639 βίος,
1125 3566 1175 3620 τί
1208 3566 1268 3623 δὲ
1305 3562 1534 3637 τερπνὸν
1574 3562 1701 3639 ἄτερ
1734 3566 1946 3639 χρυσῆς
1979 3560 2316 3639 Ἀφροδίτης;

593 3664 722 3749 Qui
755 3676 1057 3735 secuntur
1086 3662 1376 3735 versibus
1408 3664 1642 3733 amoris
1672 3664 1913 3751 gaudia
1948 3664 2217 3754 placidis
2248 3665 2592 3733 iuventutis

459 3771 847 3857 temporibus
879 3771 1173 3839 laudibus
1215 3771 1598 3869 efferuntur3
1640 3796 1679 3837 a
1710 3773 1921 3837 medio
1953 3772 2084 3838 fere
2116 3773 2413 3850 carmine,
2444 3773 2592 3840 inde
2698 3847 2708 3858 ,

458 3903 496 3943 a
544 3876 786 3944 verbis:
852 3881 1002 3945 ἐπεὶ
1051 3876 1110 3943 δ’
1157 3874 1479 3965 ὄδυνηρὸν
1526 3879 1784 3970 ἐπέλθῃ
1831 3885 2028 3965 γῆρας
2076 3928 2093 3943 .
2144 3928 2159 3943 .
2209 3930 2224 3944 .
2290 3882 2592 3966 conqueri

455 3985 678 4078 incipit
707 3998 900 4078 poeta
931 3987 1277 4059 senectutis
1307 3987 1604 4061 miseram
1638 3987 2098 4078 molestamque
2130 3987 2470 4061 fortunam.
2505 4027 2590 4042 —-
