3092 4725
1425 340 1501 401 17

398 517 688 579 domum:
724 513 968 577 audivit
999 512 1286 599 Iuppiter
1318 524 1378 577 et
1414 515 1637 578 annuit
1681 513 2010 599 precibus:
2044 515 2365 600 impendet
2396 518 2523 580 iam

399 621 724 686 calamitas
756 618 987 683 Thesei
1021 620 1235 684 domui
1254 644 1269 696 ;
1304 618 1450 684 alba
1482 621 1624 684 vela
1656 644 1782 685 non
1818 621 2156 685 sustulerat
2190 623 2324 687 seni
2356 623 2521 708 patri

395 729 641 793 felicem
689 727 1054 791 nuntiatura
1114 727 1403 791 reditum.
1484 726 1730 792 Eodem
1780 751 1949 792 nunc
1996 728 2258 794 artificio
2306 730 2521 807 utitur,

399 837 477 901 de
525 857 651 920 quo
698 846 842 898 ante
889 835 972 898 ad
1006 856 1066 898 v.
1103 836 1183 898 76
1235 836 1682 921 exposuimus:
1733 858 1878 899 nam
1927 860 1984 898 v.
2032 837 2196 899 212:
2248 859 2524 920 namque

398 943 607 1006 ferunt
654 941 800 1006 olim
837 990 851 1005 .
890 990 904 1006 .
948 991 963 1006 .
998 990 1014 1006 .
1067 942 1303 1006 directa
1352 942 1730 1007 narrationis
1780 941 1883 1005 via
1922 941 2139 1007 relicta
2171 944 2527 1029 regreditur

399 1069 598 1133 usque
646 1050 726 1113 ad
776 1049 840 1112 id
889 1063 1176 1135 tempus,
1225 1072 1352 1132 quo
1399 1048 1686 1113 Theseus
1749 1049 1954 1135 patria
2000 1049 2171 1114 exire
2219 1049 2522 1137 parabat3

396 1158 622 1221 exinde
655 1156 1010 1242 procedens
1033 1156 1328 1220 deorsum
1360 1155 1671 1242 percurrit
1689 1155 1895 1242 Aegei
1927 1158 2126 1241 patris
2159 1176 2523 1244 praecepta.

394 1265 471 1328 In
505 1289 562 1328 v.
601 1266 727 1328 241
780 1265 949 1327 unde
980 1262 1329 1328 declinarat
1361 1264 1561 1329 oratio
1592 1286 1846 1328 reversa
1878 1281 1973 1328 est
2005 1280 2066 1327 et
2096 1288 2268 1330 nunc
2298 1266 2523 1329 iterum

394 1394 597 1457 usque
631 1372 712 1435 ad
745 1394 805 1434 v.
842 1373 966 1434 248
1000 1370 1416 1457 progrediens
1450 1372 1660 1458 Aegei
1691 1385 1953 1436 mortem
1987 1372 2404 1458 persequitur.

492 1471 497 1476 ’
569 1478 975 1543 Pertractatis
1039 1492 1167 1542 tam
1230 1477 1569 1543 artificiosa
1629 1480 1873 1544 ratione
1933 1478 2122 1543 rebus
2188 1502 2226 1543 a
2273 1480 2523 1543 Theseo

393 1586 594 1671 gestis
642 1582 722 1649 ab
770 1584 941 1649 exitu
990 1607 1069 1649 ex
1130 1585 1337 1671 patria
1385 1607 1587 1670 usque
1634 1587 1715 1649 ad
1761 1586 2031 1649 reditum
2082 1586 2198 1664 (ita
2245 1599 2313 1650 ut
2363 1587 2523 1651 haec

394 1714 649 1777 quoque
682 1692 957 1756 narratio
991 1692 1057 1755 in
1091 1692 1402 1776 quadrum
1436 1693 1620 1775 quasi
1648 1693 1902 1757 redacta
1936 1692 2046 1778 sit)
2082 1693 2269 1756 etiam
2289 1693 2523 1757 Ariad-

393 1821 513 1863 nae
560 1823 696 1863 sors
746 1797 1155 1882 sequentibus
1189 1796 1477 1862 versibus
1509 1800 1923 1880 (249—264)
1959 1799 2041 1862 ad
2072 1798 2261 1862 finem
2293 1801 2525 1884 perdu-

394 1907 582 1971 citur:
616 1904 971 1970 annectitur
1001 1905 1197 1991 igitur
1227 1906 1505 1970 narratio
1537 1906 1618 1969 ad
1650 1904 1827 1969 illum
1843 1904 2076 1982 locum,
2109 1904 2218 1970 ubi
2239 1906 2527 1971 Ariadna

391 2014 458 2077 in
505 2012 673 2078 Naxi
717 2011 962 2077 insulae
1007 2012 1188 2077 litore
1217 2011 1598 2078 fluentisono
1632 2013 1955 2078 cedentem
1989 2011 2237 2079 Thesea
2275 2014 2526 2100 prospi-

393 2125 564 2188 ciens
597 2118 1009 2186 describitur:
1059 2120 1209 2184 dum
1243 2120 1451 2184 varias
1483 2120 1549 2183 in
1585 2121 1797 2186 animo
1832 2121 2025 2186 volvit.
2056 2143 2260 2197 curas,
2310 2119 2521 2185 subito

392 2230 684 2296 Bacchus
718 2250 861 2293 cum
904 2227 1151 2292 furente
1185 2250 1301 2292 sua
1341 2225 1525 2292 turba
1558 2228 1816 2292 advenit
1861 2231 2147 2313 petitque
2179 2249 2391 2292 amore
2423 2228 2522 2290 in-

391 2360 620 2405 census
667 2337 1009 2400 desertamt
1058 2356 1176 2399 nec
1220 2333 1656 2420 praetermittit
1688 2334 1855 2398 hanc
1887 2334 2284 2399 occasionem
2319 2332 2521 2400 Calli-

389 2446 651 2511 machus
694 2455 991 2508 accurata
1032 2455 1093 2505 et
1141 2441 1329 2504 docta
1362 2463 1685 2505 sacrorum
1729 2438 2208 2506 bacchanalium
2241 2442 2521 2527 descrip-

389 2555 557 2619 tione
620 2550 785 2616 hanc
844 2547 1077 2634 lyricae
1138 2548 1318 2634 poesi
1376 2536 1853 2634 propensiorem
1918 2548 2213 2615 carminis
2273 2559 2518 2635 partem

390 2658 782 2724 includendi.

565 2765 691 2829 Vv.
728 2763 1073 2828 265—266
1107 2762 1370 2849 repetita
1404 2785 1507 2826 vv.
1542 2765 1629 2828 50
1656 2780 1717 2827 et
1742 2765 1822 2828 51
1859 2765 2170 2830 sententia
2203 2761 2520 2851 complexi

391 2873 613 2935 iterum
676 2869 1115 2934 antecedentia
1175 2870 1255 2934 ad
1320 2870 1648 2954 sequentia
1697 2873 2068 2936 traducunt:
2128 2869 2519 2938 consimilem

392 2979 698 3044 rationem
762 2975 958 3039 habes
1020 2977 1083 3039 in
1148 3000 1251 3040 vv.
1322 2979 1447 3042 130
1494 2988 1572 3041 ·et
1637 2981 1759 3044 131
1810 2991 1872 3042 et
1919 2983 2081 3056 2023
2147 2978 2410 3042 52—53
2458 2989 2519 3043 et

392 3086 773 3161 249—250;
812 3086 1162 3150 321—322
1198 3095 1258 3148 et
1292 3085 1679 3161 382-3833
1713 3108 1840 3169 quo
1874 3085 1962 3164 fit,
1994 3105 2063 3150 ut
2095 3085 2349 3171 singula
2381 3109 2520 3151 car—

391 3195 577 3258 minis
639 3190 922 3256 membra
983 3191 1341 3257 accuratius
1387 3192 1685 3257 distincta
1732 3192 2048 3278 utrimque
2095 3193 2320 3258 melius
2366 3216 2519 3259 con-

390 3301 745 3367 cludantur.
778 3337 864 3348 --

569 3405 864 3492 Pergitur
922 3405 1152 3468 exinde
1197 3405 1262 3469 in
1309 3406 1666 3474 narratione
1712 3406 2075 3491 nuptiarum
2122 3405 2410 3473 Thetidis
2457 3419 2519 3472 et

392 3516 565 3582 Pelei
585 3540 603 3593 ;
650 3512 884 3578 abeunt
917 3511 1027 3595 qui
1071 3525 1421 3598 spectatum
1456 3527 1757 3577 venerant
1792 3535 1871 3577 ex
1902 3524 2031 3578 tota
2064 3513 2413 3591 Thessalia,
2451 3525 2520 3577 ut.

393 3622 510 3686 diis
558 3621 903 3690 decedant;
952 3640 1220 3704 quorum
1252 3620 1571 3684 discessus
1605 3621 1785 3706 epico
1818 3620 2082 3685 Homeri
2116 3642 2287 3683 more
2310 3623 2393 3704 13)
2436 3621 2518 3683 si-

393 3726 743 3792 militudine
790 3725 1137 3791 illustratur
1184 3728 1294 3812 (cf.
1348 3729 1469 3792 105
1525 3733 1733 3811 seqq).
1811 3725 2013 3814 Regia
2061 3725 2141 3790 ab
2188 3727 2265 3790 iis
2300 3726 2516 3792 relicta

394 3833 655 3898 veniunt
700 3857 841 3900 cum
890 3833 1074 3898 donis
1110 3831 1371 3912 Chiron,
1423 3833 1695 3912 Peneus,
1744 3833 2180 3909 Prometheus,
2232 3832 2518 3921 Iuppiter

576 4070 641 4130 ¹³)
680 4067 746 4118 ef.
791 4065 939 4114 Riese
979 4069 1028 4114 in
1070 4068 1185 4118 Mus
1247 4070 1414 4124 Rhen.
1463 4077 1594 4121 1866
1637 4086 1757 4134 pag.
1804 4075 2098 4119 502·-503.

2163 4164 2191 4205 2
