3092 4725
1429 264 1513 327 33

396 444 773 508 adiecta‘est
807 461 924 503 nec
957 438 1075 502 nisi
1109 438 1420 503 emblema
1447 439 1953 503 Alexandrinum
1988 463 2529 527 supervacaneum

394 548 765 634 intellegere
797 569 934 611 eam
967 570 1342 633 possumus:

751 694 818 743 Ut
855 696 1069 743 missum
1106 693 1284 757 sponsi
1323 693 1508 741 furtivo
1546 707 1760 743 munere
1798 692 1990 741 malum
2006 694 2077 751 ³⁰)

821 784 1088 835 Procurrit
1124 792 1267 832 casto
1305 782 1516 845 virginis
1556 797 1584 831 e
1621 782 1836 844 gremi0,

755 871 906 934 Quod
948 873 1167 921 miserae
1205 871 1399 921 oblitae
1438 872 1585 921 molli
1624 871 1718 919 sub
1756 880 1894 919 veste
1934 871 2180 932 locatum,

819 962 958 1010 Dum
999 962 1216 1009 adventu
1254 960 1432 1008 matris
1470 960 1693 1023 prosilit,
1739 961 2023 1009 excutitur:

753 1053 926 1114 Atque
962 1050 1089 1099 illud
1128 1064 1295 1113 prono
1334 1063 1581 1113 praeceps
1622 1049 1790 1112 agitur
1828 1050 2064 1109 decursu,
2132 1091 2139 1097 .

823 1141 957 1189 Huic
995 1147 1173 1188 manat
1207 1139 1339 1188 tristi
1378 1138 1618 1186 conscius
1657 1152 1745 1187 ore
1782 1138 1956 1187 rubor.

527 1281 912 1345 Persuasum
945 1280 1142 1366 igitur
1187 1276 1371 1344 nobis
1413 1288 1543 1354 est,
1593 1288 1796 1342 totum
1827 1277 1948 1343 hoc
1983 1276 2220 1343 Catulli
2254 1302 2527 1356 carmen,

394 1389 569 1474 quod
620 1389 700 1451 ad
749 1388 1266 1474 compositionem
1316 1397 1376 1448 et
1423 1385 1901 1470 dispositionem
1950 1386 2205 1462 attinet,
2268 1410 2527 1471 prorsus

397 1517 540 1558 esse
605 1492 1134 1559 Callimacheum:
1200 1490 1639 1557 Alexandrina
1700 1493 1943 1556 ratione
2004 1506 2258 1558 externa
2324 1494 2528 1559 forma

397 1603 605 1666 cincta
636 1616 727 1666 est
762 1601 1002 1688 elegia,
1038 1601 1137 1665 cui
1171 1601 1313 1686 ipsa
1360 1599 1749 1676 innectatur3
1813 1597 2253 1665 Alexandrina
2285 1601 2527 1672 ratione

397 1707 721 1773 artificium
770 1708 930 1772 illud
962 1707 1331 1783 adhibetur,
1395 1727 1523 1790 quo
1571 1705 1634 1768 in
1686 1707 1998 1790 quadrum
2032 1708 2359 1792 redigatur
2390 1731 2527 1772 car-

396 1837 571 1893 men3
605 1815 1049 1879 Alexandrina
1080 1815 1320 1878 ratione
1338 1812 1683 1877 similitudo
1708 1811 1818 1876 illa
1845 1835 2230 1898 quamquam
2249 1837 2376 1877 non
2411 1837 2527 1878 suo

391 1923 531 1988 loco
581 1946 833 1987 annexa
887 1933 985 1985 est.
1031 1920 1296 2007 elegiae,
1346 1943 1474 2005 quo
1523 1918 1710 1983 latius
1758 1920 2128 2005 splendeat=
2188 1920 2309 1986 nisi
2355 1922 2528 2005 quod

391 2029 708 2115 querellae
741 2029 885 2093 illae
920 2030 998 2092 de
1016 2028 1228 2092 fratris
1261 2028 1514 2092 interitu
1535 2074 1552 2103 ,
1587 2049 1715 2111 qua
1750 2038 1895 2091 sunt
1929 2027 2201 2093 naturali
2235 2027 2531 2110 simplici·-

393 2149 514 2202 tate
544 2155 607 2202 et
626 2136 1047 2212 vehementia,
1072 2160 1110 2200 a
1129 2134 1502 2200 Callimachi
1534 2121 1782 2198 rat'ione
1812 2134 2243 2200 artificiosiore
2274 2135 2530 2220 longius

391 2243 646 2308 absunt.

533 2348 664 2413 Sed
692 2349 851 2414 haec
883 2349 1135 2434 quidem
1168 2349 1495 2415 hactenus.

534 2453 836 2539 Sequitur
879 2468 946 2519 ut
990 2479 1161 2521 nunc
1207 2457 1563 2522 accuratius
1610 2457 2043 2521 examinemus
2077 2456 2231 2540 quid
2263 2456 2342 2521 de
2388 2478 2526 2521 car-

390 2562 558 2626 mine
588 2561 1019 2645 LXV111a21)
1051 2565 1135 2628 ad
1167 2563 1248 2626 L.
1281 2563 1596 2629 Manlium
1630 2564 2026 2650 Torquatum
2059 2564 2296 2651 scripto
2328 2563 2527 2628 disse-

391 2669 655 2732 rendum
704 2668 801 2734 sit.
881 2670 981 2734 Ac
1028 2670 1300 2756 primum
1337 2671 1591 2757 quidem
1641 2670 2071 2757 compluribus
2105 2672 2225 2736 hoc
2272 2693 2522 2737 carmen

395 2774 678 2840 laborare
724 2775 1247 2855 obscuritatibus,
1296 2801 1459 2863 quae
1507 2778 1894 2844 difficiliores
1942 2779 2067 2844 sint
2112 2779 2523 2865 interpretatu

395 2882 828 2969 Westphalius
861 2885 989 2948 iam
1021 2885 1375 2964 monuit.³²)
1429 2884 1594 2949 Nam
1612 2908 1715 2949 vv.
1749 2887 1897 2950 inde
1930 2911 1967 2950 a
1990 2889 2066 2950 11
2088 2895 2150 2948 et
2178 2887 2258 2947 27
2294 2885 2522 2948 docent

389 3013 505 3055 nos
552 2990 791 3055 Romae
853 2992 1049 3056 fuisse
1096 2990 1490 3076 Torquatum
1554 2991 1769 3076 ibique
1825 2993 1959 3058 eius
2004 2994 2279 3056 fructum
2327 2990 2525 3055 fuisse

385 3097 660 3184 hospitio
681 3097 1029 3163 Catullum.
1093 3097 1332 3163 Mirum
1367 3098 1562 3184 igitur
1578 3100 1868 3164 videatur
1898 3120 2157 3163 necesse
2204 3110 2298 3163 est
2331 3097 2522 3162 Man-

389 3204 540 3268 lium
584 3217 794 3291 petere
842 3203 921 3270 ab
973 3205 1223 3291 hospite
1273 3205 1632 3283 ,Musarum
1665 3216 1725 3270 et
1758 3205 2025 3271 Veneris
2067 3216 2349 3271 munera‘
2382 3206 2426 3270 i.
2463 3227 2518 3268 e.

382 3314 644 3398 propria
676 3312 958 3377 carmina
1005 3330 1066 3377 et
1113 3311 1306 3377 libros
1355 3335 1433 3378 ex
1466 3310 1849 3378 bibliotheca
1884 3311 2156 3389 Catulli,
2207 3335 2348 3376 cum
2383 3312 2518 3396 ipse

560 3548 631 3612 ³⁰)
670 3548 732 3597 de
770 3561 927 3610 pomo
967 3548 1220 3597 amatorio
1260 3548 1326 3596 cf.
1369 3549 1578 3612 Dilthey
1617 3548 1856 3614 Cydippa
1895 3556 1958 3600 65
1999 3564 2146 3614 seqq.

558 3636 631 3698 ³¹)
669 3636 789 3685 Iure
829 3637 965 3686 enim
1004 3636 1281 3701 plerosque
1319 3638 1543 3687 editores
1582 3653 1614 3687 a
1651 3655 1696 3688 v.
1730 3645 1792 3688 41
1826 3654 2015 3688 novum
2055 3637 2279 3699 incipere
2307 3650 2514 3684 carmen

386 3724 476 3773 etsi
515 3725 566 3774 in
610 3725 759 3774 codd.
791 3741 1012 3789 sequens
1049 3727 1215 3790 elegia
1239 3727 1386 3776 nullo
1412 3727 1580 3790 spatio
1608 3728 1877 3778 interiecto
1905 3727 2151 3776 continuo
2181 3724 2509 3788 adiungatur,

383 3815 598 3878 exponit
637 3813 941 3864 Schwabius
981 3817 1034 3865 in
1064 3815 1276 3877 Quaest.
1307 3815 1420 3865 Cat.
1451 3816 1475 3866 Ι
1514 3833 1637 3881 pag.
1672 3823 1755 3869 71.
1823 3818 2094 3865 Praeterea
2134 3815 2196 3862 de
2223 3815 2283 3864 L.
2316 3815 2514 3864 Manlio

381 3901 655 3966 Torquato
695 3904 762 3953 cf.
808 3903 974 3954 Sehw.
1023 3903 1088 3966 Q.
1132 3904 1190 3955 C.
1235 3905 1258 3953 1
1296 3920 1416 3969 pag.
1463 3911 1763 3955 342—343.

559 3995 629 4054 ³²)
669 3992 729 4040 R.
772 3992 1075 4056 Westphal:
1119 3992 1331 4042 Catull's
1373 3992 1624 4043 Gedichte
1663 4009 1781 4058 pag.
1829 3998 1893 4042 06
1932 4008 2082 4057 seqq.

2160 4090 2189 4131 3
