3092 4725
1449 291 1556 378 „39

440 489 588 530 nam
635 477 704 528 ut
750 465 1025 529 furtivus
1071 463 1176 528 ille
1223 476 1285 528 et
1331 464 1559 529 ardens
1593 465 1988 531 Laodamiae
2036 490 2212 532 amor
2244 469 2571 554 aptissime

439 571 693 637 annecti
740 581 949 656 potest
995 572 1075 636 ad
1118 569 1394 635 Lesbiae
1445 571 1840 637 clandestina
1886 583 1947 637 et
1995 573 2239 638 fervida
2288 598 2569 653 munera,

420 668 526 743 fita
558 701 727 743 mors
763 678 1054 765 coniugis
1101 679 1165 742 in
1200 678 1430 743 Troiae
1474 678 1659 745 litore
1708 680 2009 766 optimam
2055 679 2316 767 praebet
2348 706 2568 746 ansam
2608 708 2613 714 ·

438 788 518 852 ad
553 785 958 851 inserendum
1005 786 1216 851 fratris
1266 787 1610 851 interitum.
1706 786 1781 850 In
1831 811 1893 852 v.
1927 789 2009 852 33
2059 810 2135 853 ea
2182 790 2569 854 transitionis

440 895 643 959 forma
691 890 976 957 adhibita
1024 906 1119 958 est
1136 921 1159 969 ,·
1203 890 1272 958 u’t
1310 893 1707 958 Laodamiae
1752 894 2047 966 introitus
2110 896 2175 960 in
2230 895 2564 962 Protesilai

439 1002 696 1064 domum
728 998 900 1063 velut
933 999 1291 1086 exemplum
1324 999 1601 1065 Lesbiae
1635 1002 2009 1079 inducatur,
2059 1025 2202 1067 cum
2236 1004 2302 1067 in
2350 1028 2410 1069 v.
2444 1009 2526 1069 47
2552 1032 2563 1068 ι

438 1107 600 1173 Nam
634 1125 769 1172 tum
800 1106 1088 1172 Helenae
1118 1122 1299 1189 raptu
1320 1156 1335 1171 .
1370 1156 1385 1171 .
1421 1159 1436 1175 .
1473 1111 1582 1189 (cf.
1617 1109 1697 1173 ad
1731 1132 1792 1171 v.
1836 1112 1947 1190 14)
1994 1122 2333 1196 postquam
2382 1123 2571 1178 antea

440 1215 563 1281 iam
616 1214 710 1295 (in
758 1238 818 1279 v.
865 1216 978 1295 40)
1025 1215 1262 1280 dictum
1309 1226 1404 1279 est
1450 1216 1686 1279 amisso
1736 1216 1870 1281 viro
1918 1215 2313 1283 Laodamiae
2361 1220 2567 1284 scelus

437 1346 576 1387 esse
609 1322 923 1409 punitum,
959 1322 1233 1387 narratio
1251 1321 1605 1408 paullulum
1640 1324 2033 1412 regrediatur
2064 1335 2126 1389 et
2142 1325 2335 1392 Troia
2368 1329 2569 1392 nomi-

441 1442 588 1494 nata
621 1430 837 1494 eadem
871 1429 1112 1494 ratione
1160 1453 1288 1514 qua
1319 1452 1375 1493 c.
1408 1429 1645 1495 LXVI
1677 1455 1736 1495 v.
1778 1432 1855 1498 15
1904 1443 2181 1497 transeat
2228 1436 2309 1498 ad
2345 1434 2422 1499 Ili
2455 1436 2564 1499 de-

443 1536 834 1600 testationem
866 1537 1205 1620 fratrisque
1237 1551 1521 1602 mortem.
1616 1537 1740 1603 Vv.
1775 1540 2077 1605 37—38:
2113 1538 2218 1604 Nil
2252 1541 2403 1605 mihi
2437 1553 2562 1606 tam

441 1643 625 1708 valde
655 1643 935 1729 placcat.
958 1652 973 1707 ζ
996 1692 1012 1707 .
1047 1645 1395 1730 comparati
1429 1667 1570 1712 cum
1606 1667 1658 1713 c.
1703 1645 1955 1722 LXVI,
1995 1647 2071 1712 71
2109 1646 2279 1711 Pace
2312 1660 2453 1717 tua.
2475 1697 2524 1719 ..
2548 1698 2564 1713 .

442 1750 916 1815 Alexandrinae
947 1753 1158 1837 poesis
1193 1763 1406 1816 notam
1438 1774 1593 1838 prae
1628 1775 1695 1817 se
1710 1754 1937 1817 ferunt.
2031 1752 2342 1817 Ultimum
2377 1755 2561 1820 huius

434 1858 632 1943 partis
682 1858 1034 1923 distichon:
1117 1857 1246 1923 Sed
1293 1859 1486 1924 Troia
1533 1856 1853 1925 obscoena
1886 1907 1901 1923 .
1938 1907 1953 1923 .
1989 1908 2004 1923 .
2040 1908 2055 1923 .
2088 1861 2449 1946 regrediens
2483 1864 2563 1927 ad

432 1964 662 2028 Troiae
724 1966 1221 2029 exsecrationem
1283 1964 1442 2031 bene
1503 1965 1741 2032 claudit
1804 1968 2079 2034 medium
2141 1969 2261 2033 hoc
2324 1968 2563 2055 elegiae

433 2070 784 2137 membrum
833 2074 943 2152 (cf.
982 2072 1216 2137 Aconti
1267 2096 1622 2138 sermonem
1670 2074 2042 2139 amatorium
2092 2098 2243 2160 pag.
2282 2078 2365 2140 14
2402 2084 2561 2158 not.)

563 2178 724 2243 Inde
772 2204 809 2243 a
857 2203 917 2242 v.
953 2182 1032 2244 61
1085 2181 1347 2267 repetita
1395 2204 1498 2245 vv.
1549 2183 1810 2247 45—46
1860 2182 2172 2247 sententia
2219 2182 2332 2260 (cf.
2381 2184 2459 2247 ad
2506 2206 2559 2248 e.

431 2284 686 2363 LXIV,
731 2287 856 2350 265
908 2310 1058 2373 pag.
1107 2291 1216 2367 17)
1261 2287 1612 2374 paucisque
1660 2286 1996 2352 Protesilai
2043 2300 2241 2353 morte
2289 2311 2562 2354 comme-

429 2404 674 2457 morata
735 2394 1087 2479 regreditur
1147 2395 1372 2460 iterum
1421 2395 1622 2461 oratio
1669 2396 1748 2460 ad
1801 2396 2269 2482 depingendam
2321 2398 2555 2462 amoris

415 2499 824 2578 ‘Laodamiae
872 2501 1410 2586 magnitudinem,
1458 2514 1526 2568 ut
1573 2504 1721 2567 inde
1755 2504 2004 2568 annecti
2053 2516 2244 2587 queat
2283 2503 2557 2569 Lesbiae

429 2607 726 2685 narratio,
759 2605 868 2671 ubi
901 2607 964 2671 in
997 2632 1038 2672 v
1087 2611 1168 2673 32
1202 2610 1560 2674 intermissa
1592 2622 1707 2675 est.

561 2713 700 2779 Vv:
733 2715 881 2780 inde
913 2739 951 2780 a
986 2718 1065 2780 67
1075 2718 1246 2782 —90
1281 2715 1658 2783 Callimachi
1692 2717 1884 2782 Musa
1917 2731 2127 2783 essent
2159 2719 2553 2805 dignissimi3

428 2820 789 2887 consimiles
854 2834 999 2886 sunt
1047 2847 1149 2888 vv.
1220 2827 1512 2889 11--322
1577 2836 1820 2890 tantum
1870 2838 2002 2890 erat
2043 2823 2440 2903 barathrum,
2490 2827 2554 2890 in

428 2929 600 3012 quod
633 2929 865 2994 amoris
914 2942 1125 2995 aestus
1173 2932 1481 2997 detulerat
1526 2932 1983 3010 Laodamiam,
2018 2944 2323 3018 quantum
2357 2957 2556 3020 prope

431 3033 805 3120 Cylleneum
839 3037 1167 3103 Pheneum
1200 3038 1509 3104 Hercules
1541 3041 1821 3103 foramen
1842 3089 1858 3117 ,
1907 3054 1974 3105 ut
2008 3039 2352 3104 exsiccaret
2381 3039 2558 3126 palu·

430 3144 590 3220 dem,
623 3145 863 3209 fodisse
894 3146 1149 3223 dicitur3
1183 3148 1366 3211 docte
1399 3146 1525 3210 duo
1546 3169 1710 3230 quae
1743 3159 2039 3211 secuntur
2055 3148 2319 3212 disticha
2341 3146 2557 3233 Stym-

429 3248 641 3333 phalia
675 3266 956 3316 monstra
988 3264 1515 3329 commemorant,
1553 3252 1915 3338 Eurysthea
1948 3276 2194 3340 regem,
2227 3254 2556 3319 Herculis-

428 3378 551 3440 que
614 3382 757 3423 cum
803 3357 990 3422 Hebe
1055 3360 1534 3446 coniugium-³⁵)
1629 3360 2021 3427 Pertractato
2081 3362 2202 3427 hoc
2262 3364 2553 3449 exemplo

424 3468 864 3530 vv.77-78:

780 3577 880 3626 Sed
921 3587 1042 3629 tunc
1080 3578 1213 3627 altus
1252 3594 1399 3628 amor
1437 3579 1679 3628 barathro
1719 3580 1817 3629 fuit
1852 3580 2006 3629 altior
2042 3581 2154 3642 illo,

850 3665 951 3727 Qui
991 3668 1173 3716 durum
1211 3667 1458 3717 domitam
1495 3668 1627 3718 ferre
1664 3669 1843 3731 iugum
1882 3671 2059 3720 docuit

421 3779 715 3854 repetunt
746 3785 806 3835 et
836 3772 902 3834 in
936 3772 1137 3836 maius
1180 3785 1415 3858 augent
1452 3794 1743 3837 versuum
1780 3776 2039 3837 67—68
2074 3795 2352 3838 sensum.
2404 3773 2552 3840 Sta-

420 3876 531 3939 tim
568 3916 650 3923 —-—
687 3888 812 3940 tam
847 3876 1088 3944 tumida
1120 3891 1213 3944 est
1247 3880 1445 3944 oratio
1481 3920 1563 3929 —-
1599 3880 1726 3944 duo
1760 3880 1883 3946 alia
1917 3880 2206 3967 exempla
2237 3882 2549 3960 inducun-

600 4024 672 4087 ³5)
712 4024 778 4073 ef.
823 4038 944 4086 pag.
989 4029 1052 4074 22
1094 4032 1202 4076 not.
1247 4032 1329 4076 20.
