3092 4725
1573 281 1655 343 12

543 456 839 533 narratio,
893 466 963 520 ut
1004 455 1490 541 interponantur
1528 453 1740 519 omnia
1771 452 1902 530 illa,
1947 475 2120 537 quae
2148 454 2360 540 poesis
2388 454 2673 522 Alexan·

542 563 865 627 drinorum
916 561 1233 648 elegiacae
1293 562 1552 649 propria
1598 560 1814 648 paullo
1862 568 2008 626 ante
2055 561 2446 628 vocavimus.
2533 561 2669 628 Iam

542 693 615 735 ex
660 693 738 735 ¹eo
772 669 945 754 quod
977 668 1252 734 diximus
1283 668 1518 733 nemini
1551 668 1777 732 mirum
1811 667 2009 732 videri
2039 679 2268 753 potest,
2314 691 2425 734 cur
2456 692 2672 733 narra-

543 778 776 842 tionem
824 776 998 842 illam
1046 775 1312 862 epicam,
1371 797 1533 860 quae
1579 787 1842 840 externa
1888 777 2327 841 tantummodo
2377 776 2670 842 carminis

540 885 744 949 forma
791 883 891 961 sit,
941 882 1145 970 mag-is
1193 883 1494 948 adstricta
1541 881 1844 947 brevitate
1889 883 2421 969 comprehendere
2459 893 2671 950 ament

539 1004 764 1078 poetae
810 989 1252 1068 Alexandrini,
1302 1012 1444 1056 cum
1491 991 1556 1054 in
1605 989 1764 1076 ipsis
1797 989 2009 1074 lyricis
2042 989 2337 1056 carminis
2384 989 2668 1076 partibus

540 1097 861 1163 uberiores
910 1099 1263 1163 versentur.
1341 1097 1489 1162 Hoc
1525 1097 1722 1184 igitur
1751 1105 1899 1162 a'nte
1932 1097 2144 1162 omnia
2177 1097 2518 1163 tenendum
2552 1110 2666 1174 est,

540 1207 753 1292 epicas
800 1206 954 1271 istas
1001 1205 1394 1270 narrationes
1441 1204 1585 1268 ideo
1633 1215 1873 1269 tantum
1926 1203 2240 1270 subiectas
2271 1227 2414 1270 esse
2445 1204 2670 1270 carmi-

540 1311 758 1390 nibus,
790 1323 859 1377 ut
888 1313 974 1377 ‘ad
1006 1334 1114 1377 eas
1146 1315 1631 1377 annecterentur
1661 1310 1841 1396 lyrici
1874 1334 2118 1389 versus,
2161 1323 2230 1377 ut
2262 1310 2492 1396 quibus
2525 1311 2667 1377 unis

540 1420 783 1506 elegiae
815 1419 914 1485 vis
946 1442 1022 1484 ac
1054 1431 1281 1484 natura
1314 1419 1731 1484 contineatur.

716 1526 846 1593 Sed
879 1528 1270 1591 redeundum
1300 1526 1428 1590 iam
1461 1538 1557 1590 est
1575 1526 1656 1589 ad
1677 1526 1866 1590 viam.
1914 1525 2187 1591 Carmen
2208 1525 2462 1603 LXIV,
2495 1528 2666 1611 quod

540 1655 709 1698 nunc
740 1635 1188 1721 aggrediemur
1218 1634 1335 1698 etsi
1367 1632 1645 1720 epyllion
1680 1647 1796 1710 est,
1832 1654 2038 1716 neque
2070 1634 2283 1698 omnia
2314 1633 2377 1698 in
2410 1633 2477 1698 id
2511 1657 2664 1718 qua·

538 1742 871 1819 dreng-de
919 1740 1153 1826 quibus
1200 1741 1390 1805 modo
1433 1740 1880 1826 exposuimus,
1931 1749 2138 1805 tamen
2174 1741 2347 1823 quod
2379 1742 2461 1806 ad
2495 1765 2666 1807 eom·

535 1850 915 1936 positionem
949 1849 1312 1914 universam
1345 1848 1569 1912 attinet
1582 1848 1842 1933 saepius
1875 1846 2192 1932 persimile
2209 1858 2305 1912 est
2322 1847 2663 1934 elegiarum

534 1955 783 2021 rationi.
823 1995 903 2004 ——

709 2061 1075 2149 Magnificis
1108 2060 1399 2126 versibus
1430 2082 1686 2124 ¹carmen
1717 2060 1798 2123 de
1831 2060 2068 2146 nuptiis
2087 2060 2375 2126 Thetidis
2408 2076 2467 2124 et
2487 2061 2661 2125 Pelei

539 2171 843 2257 scriptum
876 2170 1145 2234 orditur:
1182 2168 1401 2232 sedata
1432 2189 1597 2250 quae
1629 2167 1807 2231 decet
1839 2166 2090 2252 epicum
2123 2189 2351 2252 poema
2383 2167 2663 2232 oratione

537 2290 824 2342 narratur
884 2277 948 2339 in
1012 2275 1453 2363 Argonautica
1513 2273 1950 2359 expeditione,
2017 2296 2157 2338 cum
2219 2274 2423 2360 prima
2478 2255 2666 2358 Argo

532 2384 752 2449 rudem
785 2382 1083 2449 imbuerit
1101 2382 1555 2469 Amphitriten,
1588 2382 1861 2467 primum
1896 2381 2305 2468 conspexisse
2331 2381 2660 2449 Thetidem

538 2490 763 2555 Pelea:

873 2601 1007 2651 Tum
1044 2600 1278 2651 Thetidis
1318 2599 1500 2648 Peleus
1540 2599 1782 2647 incensus
1822 2597 1979 2648 fertur
2016 2610 2210 2661 umore,

875 2690 1008 2741 Tum
1046 2689 1222 2738 Thetis
1263 2690 1514 2739 humanos
1557 2703 1663 2738 non
1703 2688 1937 2753 despexit
1974 2688 2304 2750 hymenaeos,

874 2779 1007 2829 Tum
1044 2778 1251 2827 Thetidi
1290 2785 1438 2842 pater
1475 2778 1586 2838 ipse
1624 2778 1908 2839 iugandum
1949 2779 2102 2829 Pelea
2140 2779 2312 2827 sensit.

711 2918 1098 2984 Adstrictam
1160 2916 1264 2982 hic
1326 2918 1473 2983 licet
1528 2917 1753 2983 mirere
1819 2916 2224 2995 brevitatem3
2306 2917 2504 2983 tribus
2565 2917 2664 2985 hie

531 3027 910 3091 hexametris
976 3037 1145 3089 totus
1208 3026 1373 3090 inter
1426 3026 1612 3091 deam
1661 3037 1721 3090 et
1767 3025 2023 3090 heroem
2072 3049 2251 3091 amor
2295 3024 2662 3091 absolvitur.

534 3133 763 3199 Peleus
795 3132 1116 3196 adamavit
1146 3131 1500 3207 Thetidem,
1534 3132 1753 3197 Thetis
1817 3131 2029 3208 Pelea,
2062 3131 2363 3218 Juppiter
2385 3132 2665 3218 optimus

532 3241 845 3307 maximus
859 3238 1154 3325 probavit
1182 3239 1672 3305 matrimonium.
1710 3239 1859 3303 Huc
1877 3261 2134 3318 prorsus
2149 3238 2485 3324 pertinent,
2501 3248 2667 3324 qu'ae

531 3347 784 3411 Riesius
830 3347 895 3410 in
930 3347 1370 3411 dissertatione
1404 3370 1598 3433 supra
1629 3346 1754 3410 iam
1788 3347 2089 3410 denotata
2121 3346 2404 3432 scripsit:
2454 3346 2662 3423 ,Auch

535 3455 636 3519 die
685 3452 1383 3540 Ungleichmassigkeit
1431 3454 1749 3521 zwisehen
1800 3455 1911 3519 der
1939 3451 2103 3525 ¹sehr
2150 3451 2388 3518 breiten
2422 3453 2667 3517 Detail-

528 3561 784 3625 malerei
854 3560 1186 3625 einerseits
1253 3561 1381 3624 und
1447 3563 1590 3625 dem
1643 3559 2062 3625 summat-isch
2114 3559 2431 3623 schnellen
2483 3559 2537 3622 F
2541 3574 2666 3624 ort-

537 3668 759 3732 schritt
821 3668 933 3731 der
996 3666 1370 3754 Erzahlung
1433 3688 1514 3732 an
1579 3669 1856 3731 anderen
1923 3665 2197 3742 Stellen,
2263 3668 2377 3729 auf
2431 3664 2667 3730 welche

535 3764 759 3863 Haupt
792 3768 1102 3851 hinweist,
1140 3774 1309 3857 (Ioco
1329 3770 1825 3860 supralaudato)
1859 3772 1961 3849 ist,
1997 3770 2290 3859 okbgleich
2315 3770 2666 3861 uberhaupt

535 3878 1109 3946 Alexandrinische
1144 3881 1304 3947 Sitte
1351 3883 1503 3945 oder
1532 3878 1811 3958 Unsitte,
1860 3879 2020 3945 doch
2057 3879 2198 3945 dem
2237 3878 2667 3949 Callimachus

540 3987 992 4057 insbesondere
1034 3989 1179 4057 sehr
1208 3987 1760 4077 cigenthiimlieh‘.-
1842 3986 2281 4066 Huc-addam,
2328 4009 2438 4053 ess
2467 3987 2670 4075 potis-
