3092 4725
1370 635 1691 750 Vita.

637 888 840 954 Natu‘s
891 912 1030 953 sum
1065 887 1308 953 Paulus
1342 886 1821 952 Maximilianus
1853 884 2298 952 Weidenbach
2339 888 2424 953 id.
2459 912 2594 975 apr.

463 1010 1036 1078 MDCCCXLIX
1079 1011 1392 1089 Berolini,
1425 1029 1606 1098 patre
1637 1010 1975 1077 Theodoro
2008 1010 2308 1089 Ernesto,
2354 1013 2594 1100 pictore

464 1150 521 1202 et
552 1138 927 1224 magistratu
960 1137 1158 1223 regio,
1192 1148 1390 1201 matre
1417 1135 1606 1201 Eriea
1643 1137 1723 1200 de
1754 1153 1945 1222 gente
1970 1133 2346 1201 Steubecke.
2410 1136 2594 1203 Fidei

460 1261 750 1326 addictus
800 1284 938 1326 sum
986 1260 1413 1348 evangelicae.
1506 1261 1893 1326 Littera-rum
1926 1261 2288 1346 primordiis
2320 1262 2384 1326 in
2416 1264 2594 1350 regio

456 1386 797 1471 gymnasio
827 1384 1230 1451 -Joaehimieo
1264 1385 1663 1450 Berolinensi
1705 1383 1984 1449 imbutus
2015 1385 2391 1451 maturitatis
2424 1388 2599 1452 testi-

461 1510 675 1574 monio
737 1521 998 1596 accepto
1058 1533 1116 1574 a.
1182 1511 1244 1573 d.
1294 1509 1367 1573 X
1430 1509 1545 1574 eal.
1614 1532 1761 1575 nov.
1810 1507 2378 1574 MDCCCLXIX
2432 1511 2597 1576 inter

466 1635 636 1698 cives
684 1634 1113 1699 universitatis
1156 1631 1909 1699 Friderioae-Guilelmae
1944 1633 2379 1699 Berolinensis
2425 1657 2599 1700 rece-

459 1769 607 1844 ptus
641 1781 802 1822 sum.
882 1758 964 1821 A.
1000 1759 1061 1821 d.
1094 1757 1165 1821 H
1198 1758 1315 1822 cal.
1350 1759 1482 1822 iun.
1516 1758 1582 1821 in
1631 1778 1961 1821 numerum
2011 1757 2243 1822 civium
2277 1759 2594 1823 academi-

462 1904 674 1946 corum
738 1880 1162 1946 universitatis
1210 1881 1572 1967 Lipsiensis
1637 1880 1873 1945 relatus
1925 1879 2089 1946 bello
2138 1875 2592 1969 francogallico

469 2017 605 2071 orto
651 2028 766 2094 per
811 2007 940 2071 duo
989 2007 1313 2071 semestria
1361 2005 1676 2093 stipendia
1722 2006 1921 2071 merui
1968 2017 2029 2070 et
2074 2006 2368 2070 Lutetiae
2414 2006 2597 2072 Pari-

464 2130 697 2195 siorum
748 2132 1223 2218 oppugnandae
1255 2129 1530 2196 interfui.
1625 2129 1793 2195 Non.
1829 2130 1964 2200 dee.
1999 2153 2103 2195 an.
2137 2129 2325 2194 huius
2359 2131 2594 2196 saeculi

464 2253 705 2317 LXXI
737 2255 961 2319 iterum
1004 2255 1167 2319 inter
1200 2256 1371 2320 cives
1390 2253 1821 2319 universitatis
1840 2252 2594 2320 Fridericae-Guilelmae

462 2378 894 2444 Berolinensis
939 2390 1229 2464 receptus
1271 2401 1386 2466 per
1416 2380 1543 2444 duo
1579 2379 1904 2444 semestria
1937 2379 2162 2444 studiis
2194 2379 2590 2465 potissimum

461 2503 861 2590 philologieis
940 2525 1195 2588 operam
1275 2504 1440 2568 dedi.
1565 2503 1807 2567 Audivi
1885 2525 1997 2588 per
2068 2503 2190 2568 hoe
2253 2504 2589 2570 triennium

462 2626 765 2693 lectiones
798 2626 1361 2692 illustrissimorum
1397 2628 1709 2692 virorum:
1754 2626 1991 2705 Baron,
2012 2625 2095 2692 G.
2117 2626 2399 2706 Curtius,
2422 2628 2591 2694 Dro-

361 2738 365 2743 ⁹
463 2750 661 2829 bisch,
696 2750 955 2828 Harms,
989 2751 1234 2837 Haupt,
1268 2750 1596 2829 Huebner,
1629 2751 1906 2828 Kahnis‚
1932 2751 2292 2829 Kirohhoff,
2313 2751 2590 2817 Miillen-

460 2876 620 2953 hoff,
654 2875 921 2941 Ritsohl.
1015 2874 1140 2940 Per
1183 2876 1311 2940 duo
1344 2877 1670 2941 semestria
1702 2875 1995 2941 Hiibneri
2030 2876 2350 2942 societatis
2383 2876 2588 2962 philo-

462 2999 706 3087 logioae
738 3023 906 3065 eram
941 2999 1210 3078 sodalis3
1258 3023 1372 3087 per
1404 3021 1517 3064 sex
1550 3022 1799 3066 menses
1819 2999 2253 3065 Miillenhoffii
2269 3000 2586 3068 societatis

465 3124 843 3190 theodiscae.
948 3122 1202 3206 Quibus
1265 3123 1559 3190 omnibus
1621 3124 1768 3189 viris
1829 3123 2194 3190 clarissimis
2256 3126 2404 3190 data
2466 3126 2586 3192 hae

469 3249 933 3332 opportunitate
980 3261 1239 3336 propter
1285 3272 1530 3314 summa
1579 3271 1794 3314 eorum
1842 3251 1920 3313 de
1953 3270 2052 3314 me
2083 3248 2304 3315 merita
2345 3251 2583 3337 gratias

461 3393 586 3455 ago
617 3371 938 3457 plurimas.
973 3412 1058 3422 -
