3092 4725
1346 341 1528 408 ’19

406 516 566 579 ratio
607 539 646 578 a
689 514 1061 579 Callimachi
1111 538 1282 578 more
1315 526 1376 579 et
1407 516 1697 601 ingeni03
1747 517 1897 580 dicit
1940 518 2104 581 enim
2139 517 2542 598 Diltheiusffl)

407 621 788 706 quibusdam
824 622 1129 708 cognosci
1161 622 1438 702 indiciis,
1496 646 1638 686 cum
1673 622 1935 703 γνώμας
1968 647 2128 707 quas
2161 626 2380 689 dicunt
2415 626 2544 689 sui-

407 752 531 812 que
580 752 768 793 sensa
815 729 1005 792 animi
1039 729 1382 793 inseruisse
1417 729 1842 814 Cyrenaeum,
1878 742 2007 794 tum
2041 753 2249 794 rerum
2284 755 2540 796 suarum

405 837 771 900 memoriam
803 836 1145 901 identidem
1179 837 1622 902 immiscuisse.
1697 834 1881 916 Quae
1915 838 2228 902 sententia
2262 840 2358 902 his
2393 839 2543 902 ulti-

406 945 524 1007 mis
571 943 762 1029 epylli
809 942 1097 1007 versibus
1130 945 1365 1029 optime
1398 943 1581 1007 nobis
1617 944 1952 1029 probatur:
2005 946 2207 1008 donec
2240 946 2536 1030 pietatem

406 1050 773 1115 inviolatam
793 1049 1131 1115 servabant
1150 1051 1466 1127 mortales,
1487 1052 1576 1115 dii
1594 1052 1757 1114 inter
1774 1050 2063 1115 homines
2083 1052 2500 1116 versabantur
2523 1078 2540 1126 ;

404 1156 702 1242 sugerunt
734 1157 1062 1222 hominum
1095 1181 1281 1222 usum
1315 1173 1375 1223 et
1391 1157 1936 1234 consuetudinem,
1970 1158 2074 1222 ubi
2112 1160 2382 1245 primum
2422 1160 2537 1224 tel-

401 1262 499 1326 lus
533 1265 769 1329 scelere
802 1264 1046 1329 imbuta
1077 1278 1191 1329 est.
1225 1305 1312 1314 —

583 1371 715 1436 Sed
754 1373 912 1436 haec
945 1372 1199 1456 quidem
1232 1373 1541 1437 hactenus
1560 1397 1576 1449 ;
1611 1371 1765 1456 quid
1796 1374 2039 1437 fructus
2071 1374 2538 1459 perceperimus

402 1490 668 1542 tractato
715 1478 836 1543 hoc
879 1478 1112 1565 epyllio
1159 1491 1380 1565 postea
1431 1477 1808 1543 videbimus.
1904 1478 2205 1563 Sequitur
2249 1493 2321 1544 ut
2367 1503 2537 1546 nunc

403 1588 511 1649 uni
545 1608 707 1670 quae
739 1595 942 1650 exstet
975 1588 1054 1650 de
1078 1585 1454 1651 Callimachi
1487 1586 1707 1672 elegiis
1741 1609 1998 1671 operam
2032 1609 2357 1662 navemus,
2400 1609 2539 1651 car-

401 1694 553 1756 mini
599 1693 762 1758 inter
795 1693 1159 1758 Catulliana
1189 1692 1444 1757 LXVI.
1523 1694 1743 1777 Atque
1789 1694 2064 1779 primum
2112 1694 2367 1776 quidem
2405 1693 2535 1757 Ca-

400 1800 535 1864 tulli
571 1802 838 1865 Comam
872 1800 1213 1864 Berenices
1253 1822 1447 1863 unam
1483 1801 1562 1863 de
1594 1800 1671 1863 iis
1705 1822 1843 1864 esse
1879 1799 2258 1863 Callimachi
2290 1800 2533 1884 elegiis,

401 1931 560 1992 quas
595 1929 674 1971 ex
705 1928 936 1993 graeco
968 1906 1307 1971 translatas
1327 1906 1716 1971 Veronensis
1750 1907 1816 1970 in
1849 1904 2119 1992 epistola
2149 1906 2231 1971 ad
2252 1904 2338 1986 Q.
2364 1907 2537 1972 Hor-

401 2014 668 2078 tensium
689 2012 1028 2078 Hortalum
1064 2015 1174 2091 (cf.
1202 2013 1422 2091 LXV,
1459 2017 1571 2095 21)
1604 2015 1752 2079 data
1783 2015 1988 2079 amico
2020 2014 2264 2078 mittere
2296 2015 2534 2079 sedicit

401 2143 584 2185 nemo
631 2121 766 2197 erit,
810 2122 918 2204 qui
958 2120 1364 2198 infitietur.¹⁶)
1455 2121 1793 2186 Praeterea
1832 2143 2196 2207 expressum
2240 2143 2379 2186 esse
2413 2122 2532 2186 hoc

398 2251 648 2292 carmen
698 2227 852 2292 satis
885 2239 1176 2293 accurate
1208 2251 1288 2292 ex
1318 2229 1565 2313 graecis
1604 2228 1919 2312 Cyrenaei
1965 2229 2190 2313 paucis
2234 2228 2534 2292 docemur

397 2358 559 2420 quae
593 2335 802 2399 adhuc
834 2346 1082 2401 exstant
1128 2356 1394 2421 graecae
1428 2333 1669 2419 elegiae
1702 2335 2074 2420 fragmentis
2107 2355 2396 2418 quaeque
2426 2333 2529 2398 hic

397 2466 540 2506 cum
574 2443 987 2507 conversione
1020 2443 1217 2505 latina
1250 2441 1798 2527 componimus.¹⁷)

536 2623 582 2655 v.
631 2612 677 2657 7.
756 2606 901 2655 Idem
940 2619 1022 2654 me
1060 2604 1149 2653 ille
1188 2602 1370 2653 Conon
1411 2604 1624 2654 coelesti
1664 2605 1717 2653 in
1759 2604 1954 2653 lumine
1989 2604 2116 2653 vidit

827 2696 867 2742 E
905 2694 1189 2744 Bereniceo
1227 2693 1414 2743 vertice
1452 2695 1736 2744 caesariem

759 2784 1060 2844 Fulgentem
1099 2785 1255 2842 clare,
1299 2799 1451 2846 quam
1489 2783 1665 2832 multis
1703 2784 1797 2833 illa
1836 2784 2048 2832 deorum

825 2871 982 2920 Levia
1020 2874 1334 2937 portendens
1373 2873 1585 2922 brachia
1623 2873 1856 2937 pollicita
1894 2882 1988 2921 est.

753 2949 823 3008 'H
852 2958 925 3025 μὲ
965 2957 1158 3011 Κόνων
1196 2957 1423 3029 ἔβλεψεν
1461 2962 1522 3012 ἐν
1561 2955 1675 3033 ἧέρι
1711 2958 1808 3012 τὸν
1844 2964 2125 3033 Βερενίκης

826 3046 1136 3121 βόστρυχον
1171 3045 1235 3100 ὅν
1275 3055 1420 3114 κείνη
1459 3048 1631 3102 πᾶσιν
1669 3047 1836 3113 ἔθηκε
1874 3054 2022 3105 θεοῖς

498 3156 543 3189 ν.
587 3147 671 3189 40.
753 3139 1005 3202 (Invita:)
1044 3139 1228 3188 adiuro
1268 3148 1420 3204 teque
1458 3149 1708 3204 tuumque
1749 3149 1903 3204 caput

824 3225 926 3292 σήν
964 3246 1019 3279 τε
1055 3226 1231 3296 κοῖρην
1270 3223 1464 3296 ὤμοσα
1506 3226 1607 3279 σόν
1643 3246 1699 3280 τε
1735 3231 1854 3296 βίον

499 3335 546 3368 v.
591 3323 678 3366 48.
828 3318 1069 3381 «Iuppiter
1106 3328 1164 3367 ut
1201 3319 1471 3382 Chalybon
1510 3334 1665 3368 omne
1703 3333 1865 3382 genus
1904 3326 2080 3378 pereat

754 3407 817 3454 Et
855 3407 940 3469 qui
980 3406 1236 3469 principio
1275 3409 1370 3456 sub
1410 3416 1545 3457 terra
1586 3422 1830 3471 quaerere
1866 3422 2021 3456 venas

820 3495 1013 3544 Institit
1049 3511 1109 3543 ac
1147 3495 1267 3544 ferri
1306 3497 1544 3559 frangere
1583 3497 1818 3546 duritiem

825 3573 907 3649 [Ὦ
950 3581 1056 3635 Ζεῦ
1090 3581 1231 3649 πᾶν]
1271 3582 1550 3650 Χαλύβων
1585 3579 1658 3642 ὦς
1694 3578 1947 3636 «iudaeam
1983 3584 2142 3653 γένος

751 3670 972 3743 γειόθεν
1011 3667 1356 3735 ἀντέλλοντα,
1401 3669 1576 3724 κακὸν
1615 3670 1812 3743 φυτὸν,
1855 3674 1904 3725 οἵ
1941 3673 2046 3744 μὲν
2074 3671 2306 3740 ἔφηναν.

571 3887 635 3948 ¹⁵)
676 3889 740 3936 cf.
782 3890 949 3940 Dilth.
995 3889 1119 3953 Cyd.
1163 3906 1284 3954 pag.
1333 3896 1417 3942 76.

571 3977 636 4042 ’6)
677 3978 741 4025 cs.
784 3978 844 4028 R.
884 3979 1155 4042 Westphal
1194 3994 1313 4043 pag.
1359 3985 1424 4027 63
1466 3977 1686 4042 (Catuli,
1729 3977 1947 4026 Breslau
1992 3976 2173 4040 1867.)

567 4067 636 4130 ²⁷)
676 4065 744 4121 cf.
785 4067 1036 4116 Valcken.
1083 4065 1214 4119 Call.
1260 4069 1441 4130 fragm.
1487 4070 1618 4130 eleg.

2121 4153 2189 4202 2*
