3092 4725
1611 325 1691 391 18

578 523 721 566 cum
786 517 1006 564 sancta
1068 501 1339 585 coniuge
1402 501 1730 583 natisque,
1799 499 2057 565 Phoebo
2121 512 2384 586 excepto
2438 503 2700 585 eiusque

578 631 810 684 sorore,
844 608 955 691 qui
989 607 1097 670 uni
1129 609 1207 671 de
1239 608 1359 670 diis
1392 607 1897 693 aspernabantur
1928 606 2102 670 Pelei
2135 619 2197 671 et
2221 608 2503 671 Thetidis
2535 633 2700 694 nup-

575 716 694 780 tias
761 716 1279 797 (278-302)*).
1387 713 1742 778 Abundant
1802 712 1960 778 hacc
2022 715 2234 778 omnia
2297 716 2582 780 doctrina
2636 728 2697 780 et

574 823 873 886 materiae
921 822 1140 907 copia,
1190 843 1354 905 quae
1401 843 1529 884 uno
1564 843 1752 905 saepe
1789 820 1885 883 vel
1920 822 2144 906 paucis
2178 820 2384 885 verbis
2419 832 2576 906 (quo
2607 835 2697 886 est

575 927 899 992 brevitatis
949 929 1157 992 studio
1206 937 1421 1013 pocta)
1470 927 1794 991 indicatur
1834 930 1946 1011 (cs.
1984 930 2131 1002 291,
2183 929 2311 994 294
2344 951 2521 1011 seqq.
2573 933 2697 993 299

576 1043 784 1120 seqq).
909 1035 1017 1098 Ad
1080 1058 1331 1099 mensas
1395 1034 1572 1119 large
1636 1044 2029 1099 constructas
2110 1033 2514 1100 discumbunt
2576 1038 2698 1098 dii:

573 1142 813 1207 Parcae
874 1143 1112 1206 interea
1157 1142 1372 1205 divino
1415 1143 1693 1206 carmine
1740 1139 2097 1205 amantibus
2144 1143 2275 1205 fata
2314 1143 2700 1226 praesantur.

573 1248 751 1313 Sicut
782 1263 968 1314 antea
1000 1249 1097 1333 (in
1129 1272 1230 1312 vv.
1253 1249 1636 1333 251—269)
1669 1251 1853 1314 docte
1885 1261 1943 1313 et
1979 1248 2222 1314 curiose
2256 1247 2697 1312 bacchantium

571 1355 791 1422 turbas
824 1357 1196 1442 depinxerat
1233 1354 1687 1432 Callimachus,
1738 1356 1860 1419 hac
1894 1378 2148 1440 quoque
2180 1378 2332 1419 usus
2365 1356 2698 1419 occasione

569 1473 861 1527 accurate
894 1461 1398 1546 quattuordecim
1434 1460 1722 1525 versibus
1756 1461 1996 1528 Parcas
2032 1485 2373 1546 earumque
2415 1460 2694 1527 habitum

570 1569 994 1647 describit¹⁴).
1089 1566 1220 1648 Qui
1268 1567 1552 1651 sequitur
1597 1568 1942 1632 Parcarum
2006 1582 2228 1633 cantus
2291 1572 2699 1648 (323—381)

570 1675 862 1740 subtilem
883 1674 1260 1740 Callimachi
1296 1686 1492 1739 artem
1526 1698 1694 1739 novo
1729 1686 1993 1740 testatur
2024 1675 2349 1761 exemplo:
2383 1679 2513 1742 fata
2531 1679 2697 1741 enim

570 1805 734 1867 quae
765 1781 1181 1848 imminebant
1213 1782 1397 1846 novis
1428 1783 1645 1869 nuptis
1679 1783 1730 1846 si
1763 1783 1944 1868 epico
1976 1806 2148 1848 more
2182 1783 2449 1848 naturali
2494 1807 2698 1848 rerum

570 1891 729 1954 serie
746 1902 1047 1966 narraret,
1078 1914 1271 1976 supra
1302 1890 1496 1975 epylli
1528 1891 1931 1976 angustiores
1961 1892 2118 1955 fines
2151 1890 2405 1976 longius
2438 1914 2700 1977 progre-

567 1997 866 2060 diendum
910 1997 967 2059 ei
1014 2008 1181 2060 esset
1229 2006 1290 2058 et
1334 2019 1589 2061 carmen
1639 1999 1718 2061 ad
1768 1997 1967 2060 instar
2013 1997 2393 2080 cyclicorum
2443 2022 2700 2083 compo-

568 2104 830 2179 suisset,
896 2125 1165 2187 quorum
1227 2124 1431 2188 genus
1495 2115 1664 2167 arcet
1698 2113 1760 2167 et
1806 2102 1956 2166 odit.
2065 2103 2349 2166 Venuste
2397 2103 2590 2186 igitur
2637 2118 2694 2166 et

567 2211 916 2284 commode,
964 2221 1034 2274 ut
1079 2221 1486 2295 prospectum
1536 2208 1720 2291 quasi
1769 2208 1943 2272 daret
1992 2208 2056 2272 in
2108 2209 2320 2274 futura
2352 2208 2694 2293 coniugum

567 2330 854 2405 tempora
900 2340 1014 2383 nec
1048 2317 1213 2383 ultra
1241 2318 1399 2383 fines
1433 2327 1794 2403 vagaretur,
1829 2314 1942 2380 has
1976 2326 2187 2402 partes
2236 2315 2481 2381 variata
2513 2337 2696 2401 prae-

569 2440 739 2490 terea
785 2437 933 2511 apte
980 2426 1359 2491 narrationis
1392 2428 1638 2490 ratione
1701 2423 1922 2489 Parcis
1973 2423 2225 2499 tribuit,
2276 2446 2438 2508 quae
2485 2424 2694 2487 futura

569 2532 907 2597 artificioso
954 2534 1228 2597 carmine
1274 2556 1479 2617 usque
1526 2533 1606 2596 ad
1627 2529 1899 2595 Achillis
1932 2545 2195 2595 mortem
2227 2530 2692 2600 adumbrarcnt‚·

572 2637 851 2703 Mirabili
927 2640 1123 2726 igitur
1194 2652 1326 2704 arte
1398 2616 1697 2725 magnam
1762 2639 2117 2723 argumenti
2181 2638 2427 2723 copiam
2504 2660 2693 2720 quam

568 2747 702 2811 fieri
735 2758 981 2833 poterat
1013 2745 1378 2813 brevissime
1407 2745 1742 2831 disposuit.
1810 2743 2000 2825 Quod
2026 2744 2398 2809 Callimachi
2419 2746 2696 2809 studium

572 2853 731 2919 bene
763 2854 1122 2939 percepisse
1141 2854 1391 2919 Riesius
1425 2853 1675 2917 videtur
1708 2851 1891 2928 mihi3
1927 2851 2143 2917 scribit
2175 2854 2339 2917 enim
2374 2854 2434 2916 in
2467 2852 2698 2916 disser-

571 2962 806 3025 tatione
835 2961 1086 3046 saepius
1119 2962 1245 3024 iam
1274 2961 1561 3025 laudata:
1598 2958 2054 3036 ‚Callimachus
2091 2959 2283 3024 strebt
2301 2959 2547 3024 (lanach
2570 3008 2584 3022 .
2605 3007 2619 3021 .
2642 3006 2656 3020 .
2681 3008 2695 3020 .

570 3066 901 3133 innerhalb
949 3068 1121 3131 eines
1172 3069 1407 3132 kurzen
1442 3067 1719 3131 Raumes
1770 3068 1899 3130 und
1936 3066 2398 3131 beschrankten
2433 3066 2696 3129 Kreises

571 3174 946 3259 miiglichste
996 3173 1416 3243 Stoffmassen
1480 3174 1983 3239 heranzuziehen
2045 3175 2176 3237 und
2239 3175 2394 3238 kurz
2442 3198 2520 3238 zu
2569 3175 2698 3238 dis-

571 3282 879 3366 poniren‘.
917 3322 997 3327 —-

573 3426 583 3499 ζ
628 3429 657 3485 ἵ.
706 3423 1015 3488 Versibus
1043 3424 1188 3487 inde
1216 3449 1254 3488 a
1276 3426 1404 3489 384
1430 3426 1747 3510 peroratio
1775 3425 2025 3510 incipit:
2055 3425 2331 3510 graviter
2356 3448 2430 3487 ac
2449 3437 2699 3487 senten-

576 3530 754 3607 tiose,
783 3542 852 3595 ut
885 3530 1327 3617 aitHauptius,
1362 3531 1713 3596 absolvitur
1744 3554 2024 3596 carmen:
2071 3553 2186 3595 nec
2219 3531 2512 3594 abhorret
2545 3532 2698 3593 haec

702 3723 783 3729 *ψ
802 3723 951 3730 *7*
964 3724 995 3729 -<

751 3783 797 3848 *)
837 3785 917 3833 De
957 3784 1127 3834 causis
1166 3783 1317 3832 huius
1359 3784 1430 3832 rei
1470 3800 1514 3833 ν.
1560 3785 1837 3843 Muretum‚
1883 3790 2162 3833 comment.
2212 3784 2262 3830 in
2306 3784 2494 3833 Catull.
2544 3789 2692 3833 1558.

576 3888 694 3937 pag.
748 3879 863 3922 121.

761 3966 826 4020 14)
867 3962 1137 4011 Consimili
1191 3962 1345 4010 modo
1397 3962 1546 4009 etiam
1596 3962 1645 4009 in
1689 3977 1843 4025 pomo
1883 3962 1977 4010 illo
2018 3963 2271 4015 amatorio
2312 3963 2503 4011 Aconti
2543 3959 2695 4009 Calli-

577 4053 816 4101 machum
855 4052 1138 4100 ostendisse
1177 4051 1464 4101 doctrinam
1504 4058 1717 4100 testatur
1755 4051 1923 4100 Diltb.
1963 4067 2083 4115 pag.
2132 4057 2215 4102 66.
