3092 4725
1501 287 1582 354 13

474 464 701 530 simum
749 473 985 548 partes,
1031 460 1220 530 etiam
1267 461 1331 526 in
1380 462 1505 540 hoc
1535 461 1910 549 epylliorum
1953 485 2210 548 genere,
2259 467 2607 532 concisiore

470 571 829 640 narratione
892 579 1159 646 tractare
1224 567 1728 646 Cauimaohum,
1806 592 1969 654 quae
2033 568 2114 636 ab
2186 574 2367 658 epica
2426 575 2605 660 poesi

470 671 734 764 propius
768 676 999 753 absint,
1052 698 1195 740 cum
1229 676 1292 740 in
1328 676 1484 741 locis
1518 677 1600 741 ad
1634 675 1904 761 lyricum
1938 699 2145 763 genus
2179 681 2607 766 propensiori-

470 784 590 849 bus
656 820 725 835 —-
773 807 846 849 ea
897 785 1064 848 enirn
1114 796 1209 847 est
1257 781 1575 867 Cyrenaei
1603 841 1608 846 .
1637 784 1880 870 ingenii
1940 786 2176 871 poetici
2224 786 2472 851 indoles
2520 828 2601 836 —-

471 893 803 978 magisque
876 891 1170 967 idoneis,
1266 891 1375 975 qui
1454 891 1742 958 doctrina
1819 902 2197 974 tractentur,
2253 893 2605 960 ‘verbosius

472 1010 779 1068 versetur.

650 1123 783 1205 Qui
830 1135 1131 1187 secuntur
1176 1143 1396 1188 versus
1446 1123 1596 1188 inde
1642 1148 1680 1188 a
1713 1128 1796 1190 22
1849 1148 2053 1209 usque
2097 1127 2181 1191 ad
2214 1129 2294 1191 31
2345 1150 2604 1213 prorsus

470 1244 616 1296 sunt
665 1254 744 1296 ex
785 1253 958 1295 more
1003 1231 1218 1316 poesis
1266 1230 1764 1295 Alexandrinae.
1843 1232 2047 1298 Poeta
2095 1234 2352 1299 invocat
2383 1236 2604 1300 heroes

467 1341 533 1403 in
565 1339 786 1425 primis
805 1338 1003 1402 Pelea.
1034 1349 1093 1401 et
1125 1336 1458 1422 pollicetur
1493 1361 1686 1424 saepe
1715 1340 1895 1425 poesi
1930 1363 2041 1405 sua
2061 1363 2127 1405 se
2148 1340 2604 1407 celebraturum

469 1469 608 1511 esse
641 1470 786 1511 eos:
819 1446 990 1510 hunc
1019 1445 1486 1530 prooemiorum
1518 1445 1710 1509 finem
1726 1469 1871 1512 cum
1888 1448 2148 1513 omnino
2180 1449 2424 1534 graecis
2456 1474 2604 1535 pro-

467 1554 674 1639 prium
730 1552 929 1620 fuisse
979 1564 1110 1615 tum
1160 1551 1635 1617 Alexandrinos
1677 1553 1843 1618 hanc
1890 1566 2172 1639 veterum
2223 1557 2601 1642 hymnorum

470 1659 1132 1725 clausulamimi‘tatos
1167 1680 1306 1724 esse
1338 1657 1522 1725 docet
1540 1658 1865 1746 Hauptius
1899 1661 1965 1726 in
1997 1662 2208 1728 libello
2243 1675 2390 1729 ante
2409 1666 2602 1730 deno-

467 1779 598 1833 tato
617 1772 694 1853 ⁷).
774 1766 883 1831 De
910 1789 970 1832 v,
1009 1769 1092 1831 29
1124 1787 1314 1850 seqq:

788 1948 933 1997 Tene
969 1947 1148 1998 Thetis
1188 1946 1353 1996 tenuit
1388 1946 1736 2010 pulcherrima
1772 1949 2033 2000 Nereine?

780 2036 923 2086 Tene
960 2052 1106 2087 suam
1143 2035 1337 2101 Tethys
1377 2036 1637 2086 concessit
1674 2037 1859 2087 ducere
1898 2047 2105 2103 neptem

781 2109 1143 2190 Oceanusque,
1187 2127 1317 2176 mari
1357 2134 1522 2176 totum
1563 2127 1651 2189 qui
1691 2127 2019 2193 amplectitur
2056 2129 2272 2179 orbem?

461 2295 631 2348 recte
694 2283 1001 2349 iudicavit
1049 2282 1302 2349 Riesius
1359 2284 1519 2348 tales
1583 2284 2022 2368 quaestiones,
2088 2286 2597 2368 exclamationes,

461 2392 767 2457 rhetorice
832 2392 1000 2456 dicta
1064 2390 1440 2457 Callimachi
1504 2413 1643 2457 esse
1722 2394 1836 2475 (cf.
1909 2396 2250 2472 94—100,
2316 2400 2352 2460 7
2361 2401 2477 2463 1-
2493 2402 2528 2461 7
2536 2400 2596 2472 5,
2649 2406 2655 2411 “

470 2501 661 2564 116-
694 2499 850 2581 123)
900 2499 1081 2563 cuius
1131 2498 1216 2563 rei
1266 2498 1330 2561 in
1366 2496 1572 2563 Coma
1607 2499 1945 2565 Berenices
1993 2502 2268 2588 plurima
2312 2516 2598 2591 prostare

462 2606 753 2692 exempla
783 2619 1008 2690 postea
1042 2604 1417 2671 videbimus·
1496 2606 1661 2671 Cum
1696 2606 1797 2672 hic
1830 2609 2179 2694 paullulum
2215 2624 2597 2679 commorata

462 2714 542 2778 sit
573 2713 848 2778 narratio
884 2734 1084 2796 usque
1117 2713 1196 2784 ad
1217 2736 1275 2776 v.
1298 2712 1377 2775 51
1414 2735 1543 2776 uno
1573 2724 1789 2781 tenore
1821 2715 2204 2800 prolabitur?
2227 2720 2594 2805 nuptiarum

463 2821 599 2887 dies
647 2840 788 2884 cum
823 2818 1102 2883 venisset
1150 2818 1431 2902 undique
1463 2842 1683 2884 omnes
1717 2820 2007 2886 Thessali
2042 2824 2420 2891 Pharsalum
2454 2849 2597 2890 eoe-

470 2940 619 2992 unt:
655 2910 859 2993 omnis
895 2923 1073 2990 labor
1105 2937 1344 2993 cessat:
1380 2928 1607 3003 docta,
1656 2950 1848 3012 quam
1880 2947 2050 2997 amat
2086 2929 2518 2998 Callimachus
2534 2938 2594 3021 ,8)

462 3035 858 3103 enarratione
934 3032 1302 3101 Thessaliae
1379 3032 1569 3099 urbes
1657 3051 2107 3103 enumerantur
2181 3037 2598 3127 laborumque

642 3304 687 3369 ⁷)
739 3318 861 3369 pag.
909 3311 992 3354 10.
1062 3305 1209 3354 addit
1267 3306 1503 3369 exempla
1556 3313 1607 3355 et
1653 3322 1716 3356 ex
1765 3307 2020 3355 veteribus
2059 3307 2262 3371 hymnis
2301 3310 2405 3359 duo
2444 3318 2597 3360 etex

463 3394 728 3445 Theocriti
780 3392 1110 3443 Laudatione
1160 3392 1442 3445 Ptolemaei
1506 3409 1667 3444 unum
1718 3423 1785 3432 κ-
1837 3394 1990 3455 Quod
2050 3398 2358 3462 scripturam
2411 3401 2596 3450 horum

462 3501 700 3536 versuum
752 3485 935 3534 attinet
985 3484 1204 3532 eundem
1255 3498 1499 3547 compara
1550 3484 1743 3537 locum.
1783 3512 1854 3521 —
1904 3486 2066 3535 Miror
2117 3487 2211 3536 hos
2261 3503 2437 3537 versus
2491 3504 2595 3536 non

463 3575 776 3637 persuasisse
814 3573 1042 3638 Hauptio
1094 3579 1151 3620 ut
1199 3573 1298 3636 ipsi
1339 3572 1665 3623 Callimacho
1717 3574 1815 3640 hoc
1865 3575 2112 3624 tribueret
2149 3574 2407 3640 epyllion:
2461 3585 2596 3629 recte

464 3665 893 3717 enim'monuisse
919 3663 1048 3713 mihi
1072 3662 1273 3712 videtur
1295 3662 1500 3712 Riesius
1527 3679 1607 3712 vv.
1640 3663 1844 3725 ,heroes
1873 3665 2082 3726 salvete,
2117 3665 2266 3712 deum
2294 3679 2454 3727 genus
2485 3701 2495 3712 .
2531 3706 2542 3717 .
2578 3702 2589 3714 .

462 3768 552 3801 vos
592 3768 689 3818 ego
716 3768 869 3819 saepe
894 3768 1030 3814 mee,
1061 3768 1149 3801 vos
1178 3752 1406 3802 carmine
1433 3752 1785 3818 compellabo‘
1823 3754 1876 3802 in
1905 3752 2068 3803 talem'
2088 3754 2341 3816 quadrare
2367 3765 2589 3819 poetam,

464 3842 610 3891 cuius
664 3841 732 3890 sit
780 3842 1013 3907 inprimis
1064 3843 1254 3908 epyllia
1298 3843 1379 3891 vel
1418 3843 1635 3906 hymnos
1675 3858 2015 3908 componere,
2073 3843 2213 3907 quod
2254 3824 2491 3893 Catullus
2533 3845 2596 3894 de

463 3946 518 3981 se
558 3931 732 3981 dicere
768 3931 859 3995 vix
893 3933 1132 3996 potuerit.

643 4020 686 4086 ⁸)
728 4020 799 4070 es.
839 4021 1049 4085 Dilthey
1087 4022 1214 4085 Cyd.
1259 4038 1379 4089 pag.
1422 4027 1489 4072 46
1530 4029 1580 4073 et
1620 4028 1706 4073 54.
