3092 4725
1581 275 1667 336 40

547 458 681 523 tur,
747 446 980 531 quibus
1031 460 1307 532 quantus
1353 448 1539 512 fuerit
1588 447 1982 514 Laodamiae
2044 451 2231 515 ardor
2277 452 2678 540 depingatur,

547 574 838 638 quaeque
872 552 1065 618 simili
1097 554 1289 619 modo
1322 553 1707 619 clauduntur
1735 568 1804 620 ut
1836 579 2029 642 supra
2061 558 2125 620 in
2159 581 2223 622 v.
2265 560 2301 623 7
2310 562 2383 623 7:

940 680 1042 731 Sed
1082 689 1137 731 tu
1177 682 1362 732 borum
1400 697 1619 745 magnos
1657 682 1823 732 vicisti
1861 684 1976 732 sola
2013 684 2214 734 furores

1004 770 1075 820 Ut
1111 771 1270 821 semel
1308 785 1362 821 ss
1399 770 1532 821 flavo
1572 772 1847 822 conciliata
1881 773 2008 823 viro,

694 873 855 938 Inde
888 899 925 939 a
956 898 1017 939 v.
1054 877 1132 941 91
1169 875 1456 962 pergitur
1501 875 1565 939 in
1599 874 1876 942 Lesbiae
1909 900 2119 942 amore
2151 880 2404 957 eodem,
2454 903 2582 965 quo
2614 883 2677 947 in

546 1004 605 1051 v,
658 982 740 1044 32
789 979 963 1045 filum
1011 980 1368 1046 absciderat
1413 995 1636 1068 poeta,
1684 982 1861 1049 loco:
1921 984 2205 1070 procedit
2253 983 2547 1052 Catullus
2595 990 2676 1055 ad

547 1102 793 1152 amatae
824 1088 1278 1154 infidelitatem.
1344 1087 1475 1155 Sed
1508 1112 1890 1175 quamquam
1920 1089 2222 1156 Lesbiam
2255 1092 2476 1158 acerbe
2512 1097 2675 1160 vitu-

547 1208 745 1281 perat,
782 1209 989 1260 tamen
1022 1207 1213 1282 poeta
1255 1197 1444 1261 etiam
1474 1209 1624 1262 tunc
1657 1198 1817 1263 adeo
1847 1197 2099 1285 puellae
2130 1212 2456 1264 venustate
2488 1213 2548 1264 et
2581 1202 2671 1266 le-

545 1325 700 1388 pore
733 1303 1036 1389 deceptus
1072 1315 1239 1380 erat,
1280 1315 1350 1368 ut.
1397 1304 1462 1367 in
1509 1303 1644 1369 eius
1677 1305 1861 1369 furtis
1907 1305 2311 1393 indulgenter
2353 1308 2669 1372 coniveret

546 1420 608 1473 et
639 1411 847 1474 varias
879 1411 1229 1475 excusandi
1270 1433 1495 1476 causas
1538 1409 1919 1496 conligeret:
1982 1412 2124 1498 ipsa
2156 1412 2321 1479 Iuno
2367 1414 2666 1479 omnivoli

545 1516 837 1602 coniugis
868 1517 1074 1582 malae
1106 1516 1253 1582 fidei
1294 1517 1542 1603 patiens
1577 1539 1716 1583 esse
1748 1517 1931 1584 debet
1951 1566 1968 1597 ,
2017 1532 2078 1585 et
2106 1534 2432 1606 praeterea
2452 1569 2468 1597 ,
2502 1523 2673 1605 quod

545 1635 641 1687 est
671 1622 857 1687 huius
891 1624 1122 1689 amoris
1155 1623 1372 1689 furtivi
1417 1639 1658 1711 genus,
1706 1623 1888 1711 plura
1934 1624 2198 1712 poscere
2246 1651 2373 1692 non
2421 1628 2519 1693 fas
2553 1642 2668 1694 est.

677 1728 801 1795 Vv.
840 1731 964 1795 109
1015 1753 1156 1816 sqq.
1202 1732 1284 1795 ad
1330 1731 1627 1795 carminis
1674 1730 1922 1796 initium
1969 1733 2321 1801 relabentes
2370 1732 2676 1802 circulum

548 1836 936 1902 concludunt
969 1850 1291 1922 totamque
1319 1837 1547 1901 finiunt
1580 1836 1964 1925 elegiam.³⁶)

685 1942 814 2011 Sed
849 1944 1006 2009 haec
1040 1945 1296 2030 quidem
1328 1945 1656 2009 hactenus.

683 2050 759 2114 In
795 2051 1056 2116 metrica
1097 2064 1230 2116 arte
1281 2049 1575 2115 Catullus
1623 2053 1929 2130 eundem,
1979 2075 2166 2136 quem
2217 2051 2672 2130 Callimachus,

550 2156 791 2224 obtinet
822 2157 1068 2237 locum3
1104 2182 1249 2224 nam
1285 2181 1427 2223 cum
1462 2157 1994 2245 hendecasyllabo
2027 2181 2211 2223 versu
2244 2159 2498 2244 egregie
2531 2171 2671 2223 uta-

546 2279 678 2342 tur,
729 2276 791 2330 et
852 2265 1066 2351 aliqua
1099 2266 1225 2330 iam
1279 2266 1727 2331 exercitatione
1788 2266 1853 2329 in
1916 2265 2294 2330 hexametris
2356 2263 2665 2341 versibus,

551 2373 788 2459 quippe
820 2397 980 2459 quos
1015 2373 1278 2439 artificio
1310 2375 1586 2459 quodam
1622 2374 1937 2460 strophice
1970 2387 2306 2461 componat
2325 2373 2668 2460 repetendo

550 2502 798 2567 semper
829 2481 1050 2546 eodem
1083 2504 1304 2558 versu,
1352 2481 1417 2544 in
1452 2481 1708 2546 distichi
1749 2480 2125 2546 formatione
2173 2494 2232 2545 et
2274 2502 2394 2544 usu
2427 2480 2524 2544 vel
2551 2480 2671 2544 tiro

550 2600 668 2653 est.
747 2586 920 2653 Vitia
953 2589 1117 2653 enim
1152 2586 1260 2652 illa
1292 2599 1352 2653 et
1384 2589 1676 2665 virtutes,
1710 2610 1874 2672 quae
1906 2588 1968 2651 in
2006 2585 2399 2652 Callimacho
2431 2585 2680 2652 notavi-

546 2716 688 2759 mus
721 2694 934 2759 omnia
966 2694 1028 2758 in
1052 2693 1308 2760 Catullo
1341 2717 1597 2780 quoque
1629 2693 1967 2759 observare
1992 2716 2371 2781 possumus3
2406 2693 2675 2758 disticha

547 2802 1058 2889 inter-pungendo
1090 2802 1391 2867 distracta
1424 2818 1484 2868 et
1530 2802 1842 2879 lacerata,
1895 2824 2188 2867 caesuras
2222 2801 2407 2865 nimis
2457 2801 2671 2878 duras,

550 2931 737 2975 voces
770 2910 837 2974 in
869 2910 1243 2996 pentametri
1274 2909 1398 2974 fine
1430 2908 1753 2995 longiores
1786 2909 2049 2993 eiusque
2067 2908 2462 2974 hemistichia
2497 2908 2672 2972 simi-

548 3015 688 3080 liter
720 3017 1092 3083 desinentia.

685 3122 912 3189 Restat
976 3136 1046 3188 ut
1102 3144 1313 3210 pauca
1358 3121 1643 3187 dicamus
1708 3122 1785 3186 de
1847 3143 1902 3188 c.
1957 3119 2257 3196 LXV11,
2322 3121 2493 3204 quod
2541 3123 2676 3186 dia-

552 3229 765 3316 logum
815 3230 1093 3295 continet
1141 3231 1305 3294 inter
1347 3240 1635 3317 poetam,
1687 3225 2114 3312 moechaeque
2159 3227 2435 3291 ianuam.
2530 3228 2676 3293 Hac

551 3335 760 3423 elegia
795 3360 1028 3401 novum
1061 3336 1303 3422 aliquid
1351 3346 1412 3401 et
1443 3335 1542 3400 vel
1575 3335 1928 3400 inauditum
1978 3332 2162 3400 nobis
2204 3334 2494 3399 affertur:
2529 3358 2671 3400 nam

548 3444 821 3530 primum
899 3443 1154 3527 quidem
1226 3453 1359 3508 tota
1419 3441 1580 3507 haec
1639 3442 1800 3506 ratio
1862 3442 2246 3506 alternorum
2311 3463 2668 3507 sermonum

550 3550 723 3636 apud
756 3548 1218 3615 Callimachum
1252 3572 1569 3635 nusquam
1601 3549 1995 3626 invenimus,
2030 3560 2161 3613 tum
2195 3548 2382 3613 etiam
2423 3549 2488 3612 in
2520 3548 2676 3634 ipsis

727 3733 799 3793 ³⁶)
837 3730 931 3781 His
969 3731 1190 3795 peractis
1227 3731 1560 3780 artificiosam
1598 3731 1793 3795 elegiae
1829 3737 2138 3779 structuram
2175 3729 2532 3781 admirandam
2568 3747 2679 3781 esse

554 3819 774 3869 libenter
820 3821 1091 3870 concedes.
1169 3802 1421 3869 Attendite
1460 3828 1757 3883 praeterea,
1813 3828 2063 3882 quantum
2102 3817 2304 3866 intersit
2342 3821 2474 3868 inter
2511 3822 2679 3885 pristi-
2755 3850 2762 3857 ·

555 3922 740 3957 norum
802 3917 1091 3973 temporum
1157 3908 1444 3959 carminum
1505 3908 1884 3971 simplicitatem
1939 3913 2093 3969 atque
2159 3905 2255 3955 boc
2309 3908 2517 3958 doctum
2579 3908 2678 3956 ele·

553 3997 668 4061 giae
705 4011 885 4059 genus.
