3092 4725
1350 286 1431 349 25

323 486 449 527 non
486 460 665 525 beate
696 462 866 527 vivo.
946 461 1201 544 Quibus
1232 463 1298 526 in
1333 460 1622 528 versibus
1656 486 1904 529 summa
1936 465 2179 552 elegiae
2220 468 2459 531 versari

320 570 606 634 videtur:
656 566 870 634 subtili
917 581 1049 635 arte
1099 568 1531 636 Callimachus
1582 570 1925 636 maximam
1973 594 2127 659 erga
2172 573 2460 660 reginam

321 676 753 742 adulationem
800 676 898 742 his
947 674 1215 743 subiecit
1246 675 1491 743 verbis:
1524 689 1903 764 aspernatur
1934 702 2118 745 coma
2148 703 2459 746 summam

319 783 710 862 felicitatem,
755 807 872 871 pro
918 784 1116 849 nihilo
1163 783 1404 850 habens
1452 785 1869 865 divinitatem,
1916 788 2262 854 dummodo
2308 812 2388 854 ne
2421 813 2459 854 a

321 892 617 957 dominae
650 893 884 958 vertice
916 890 1100 957 absit.
1191 892 1545 980 Praecipue
1576 894 1941 980 parenthesi
1972 895 2098 959 illi:

748 1019 985 1085 Namque
1022 1036 1118 1085 ego
1156 1036 1263 1071 non
1300 1021 1410 1071 ullo
1448 1036 1569 1071 vera
1607 1022 1791 1071 timore
1829 1030 2002 1086 tegam

675 1109 783 1160 Nec
820 1111 863 1160 si
904 1126 986 1161 me
1022 1111 1220 1161 infestis
1259 1111 1555 1176 discerpent
1590 1111 1760 1161 sidera
1797 1112 1967 1175 dictis,

749 1199 974 1250 Condita
1013 1201 1137 1266 quin
1177 1201 1311 1250 versi
1352 1200 1577 1264 pectoris
1616 1200 1874 1262 evoluam,

325 1303 794 1371 Callimacheae
833 1304 1064 1370 Musae
1110 1318 1260 1371 nota
1300 1305 1612 1391 impressa
1651 1317 1747 1370 est
1793 1307 1902 1386 (cf.
1952 1328 2117 1390 quae
2164 1308 2247 1372 ad
2278 1330 2340 1371 v.
2374 1312 2456 1373 41

319 1412 725 1495 monuimus).
763 1451 844 1460 —
877 1414 939 1476 A
973 1435 1036 1475 v.
1080 1414 1183 1490 79,
1216 1409 1411 1478 verbo
1445 1411 1698 1490 ‚Nunc‘,
1733 1414 1903 1497 quod
1947 1414 2162 1479 omnia
2201 1436 2460 1500 praece-

315 1521 536 1586 dentia
553 1518 894 1585 absolvens
913 1520 994 1584 ad
1015 1543 1179 1584 nova
1198 1520 1492 1599 traducit,
1511 1519 1830 1606 peroratio
1847 1520 2067 1607 incipit
2087 1546 2102 1585 ε
2128 1532 2458 1608 unguenta

315 1628 382 1692 in
418 1638 699 1692 extremo
732 1648 918 1691 versu
951 1638 1299 1692 memorata
1327 1628 1413 1692 ad
1447 1629 1779 1711 sequentia
1810 1627 1936 1692 iam
1970 1639 2262 1714 spectant
2291 1641 2351 1693 et
2377 1631 2456 1695 ad

314 1734 511 1799 finem
546 1719 985 1799 transducunt.
1066 1733 1392 1799 Peroratio
1426 1733 1728 1820 elegiacis
1761 1733 2078 1800 coloribus
2112 1736 2310 1801 tincta
2342 1748 2457 1814 est,

317 1843 498 1928 quod
531 1841 732 1908 oculis
765 1842 889 1907 iam
913 1841 1309 1929 significatur
1338 1843 1503 1906 facta
1525 1840 2032 1927 compellatione.
2096 1842 2460 1931 Interrupta

317 1949 533 2018 subito
597 1950 1048 2015 sententiarum
1097 1950 1257 2014 serie
1305 1947 1766 2015 exclamatione
1828 1949 2264 2035 inexspectata
2326 1962 2458 2018 tota

317 2060 528 2145 elegia
559 2058 800 2125 finitur:

715 2184 897 2235 Sidera
935 2185 1221 2234 corruerint
1259 2181 1490 2235 utinam!
1545 2197 1698 2233 coma
1734 2184 1878 2247 regia
1915 2184 2053 2247 fiam,

784 2274 1057 2324 Proximus
1095 2274 1396 2338 Hydrochoi
1434 2273 1654 2338 fulgeret.
1691 2273 1920 2324 Oarion!

502 2395 756 2480 Quibus
789 2396 999 2463 verbis
1034 2420 1279 2461 summa·
1305 2397 1572 2462 affectus
1589 2396 1990 2462 vehementia
2006 2397 2198 2462 totius
2215 2397 2459 2485 elegiae

318 2518 788 2596 argumentum,
823 2505 996 2589 quod
1030 2514 1320 2569 versatur
1348 2504 1414 2568 in
1450 2504 1746 2589 querellis
1781 2527 2021 2583 comae,
2056 2505 2280 2570 abesse
2321 2530 2388 2571 se
2420 2531 2459 2572 a

321 2615 664 2681 Berenices
683 2613 935 2689 vertice,
970 2613 1128 2676 mira
1154 2600 1458 2677 brevitate
1475 2622 1759 2677 extremo
1779 2613 2352 2700 comprehenditur.
2375 2654 2454 2663 —

503 2721 631 2786 Hic
655 2719 1008 2807 paullulum
1028 2719 1471 2796 consistamus,
1503 2732 1574 2783 ut
1591 2719 1864 2784 breviter
1880 2731 2262 2808 repetamus,
2295 2744 2460 2805 quae

317 2830 613 2918 inprimis
655 2829 732 2893 de
780 2849 1012 2914 genere
1060 2827 1273 2912 poesis
1324 2825 1796 2892 Callimacheae
1839 2826 2200 2893 invenimus
2263 2841 2458 2912 utque

315 2937 666 3023 imaginem
699 2936 832 2999 eius
865 2946 1010 2999 ante
1042 2934 1261 2999 oculos
1293 2933 1477 3000 nobis
1510 2956 1848 3020 ponamus.

505 3042 826 3124 Quattuor
872 3052 1019 3106 sunt
1063 3041 1463 3128 potissimum
1511 3064 1635 3118 res,
1685 3064 1844 3125 quas
1888 3039 2265 3106 Callimachi
2307 3042 2459 3107 artis

314 3151 614 3241 proprias
649 3161 709 3214 et
743 3148 1098 3236 singulares
1130 3161 1447 3236 putamus.
1519 3148 1805 3213 Primum
1839 3149 2003 3213 enim
2039 3146 2244 3235 elegia
2287 3188 2358 3198 --
2394 3149 2456 3214 id

316 3260 494 3325 enim
528 3271 622 3323 est
655 3256 1010 3343 argumenti
1044 3280 1249 3344 genus
1283 3281 1321 3321 a
1351 3256 1762 3343 pristinorum
1784 3266 2136 3343 temporum
2156 3256 2460 3343 simplici·

315 3381 453 3433 tate
502 3364 846 3430 abhorrens
884 3404 961 3413 -
998 3365 1273 3429 externis
1307 3364 1782 3449 circumscripta
1813 3375 1909 3427 est
1940 3363 2339 3429 lineamentis
2377 3366 2458 3429 ad

316 3470 572 3563 epicam
604 3473 826 3559 poesin
859 3470 1401 3559 propensioribus,
1436 3493 1601 3555 quae
1634 3493 1853 3535 ansam
1887 3470 2231 3557 praebeant
2263 3470 2460 3559 adip-

322 3606 464 3648 sam
508 3579 953 3645 innectendam
988 3578 1276 3665 elegiam.
1367 3576 1621 3642 Deinde
1654 3577 1916 3645 artificio
1958 3580 2234 3664 quodam
2266 3579 2461 3644 utitur

319 3699 519 3776 poeta
562 3687 630 3751 in
679 3686 975 3751 carminis
1024 3685 1502 3772 compositione,
1547 3708 1675 3770 quo
1708 3686 1994 3764 efficitur,
2044 3698 2112 3751 ut
2158 3686 2359 3752 oratio
2392 3687 2458 3751 in

321 3793 566 3860 circulo
599 3794 781 3878 quasi
826 3816 1086 3859 currens
1133 3793 1199 3858 in
1235 3794 1549 3878 quadrum
1582 3792 1908 3880 redigatur
1938 3803 2001 3857 et
2031 3794 2309 3858 iucunda
2339 3793 2461 3859 hac

319 3903 535 3967 forma
567 3900 850 3985 legentes
873 3901 1175 3966 delectet:
1209 3924 1484 3986 namque
1501 3900 1985 3988 praeoccupatis
2001 3901 2460 3987 posterioribus

318 4007 749 4096 regrediendo
794 4031 998 4092 usque
1045 4009 1126 4072 ad
1174 4031 1379 4073 rerum
1424 4008 1670 4073 initium
1704 4021 1766 4073 et
1797 4007 2025 4072 exinde
2058 4032 2275 4074 rursus
2309 4032 2456 4095 pro-
