3092 4725
1551 265 1645 327 ‚38

1170 437 1265 504 IV
1342 438 1673 512 conficitur
1718 439 1755 502 5
1793 440 2082 505 distichis

1169 545 1307 611 IVa
1486 583 1514 596 -
1726 549 1762 611 6
1944 585 1973 597 -

1172 651 1274 716 ΙΙΙ
1483 690 1512 704 -
1681 654 1758 716 11
1946 691 1975 703 -

1168 758 1313 823 IIIa
1488 797 1517 811 -
1730 763 1767 825 9

1209 864 1282 929 Π
1488 902 1518 916 -
1732 870 1766 929 7
1949 904 1977 917 ·-

1212 972 1321 1037 IIa
1483 1010 1514 1022 -
1682 972 1759 1036 15
1944 1010 1975 1022 -

1240 1079 1274 1143 Ι
1482 1117 1511 1129 -
1724 1081 1760 1142 7
1944 1116 1973 1128 -

664 1184 856 1268 Quod
922 1187 1176 1273 saepius
1223 1187 1347 1251 iam
1397 1209 1590 1272 supra
1647 1186 2276 1252 commemoravimus
2322 1185 2653 1251 artificium

530 1295 640 1369 (ct.
673 1318 823 1381 pag.
864 1298 976 1380 14)
1024 1295 1211 1358 etiam
1259 1294 1362 1358 hic
1408 1293 1801 1359 invenimus:
1863 1294 2086 1380 incipit
2149 1294 2346 1359 oratio
2394 1291 2473 1358 ab
2520 1292 2654 1357 Alli

529 1401 801 1482 meritis3
851 1414 983 1465 tum
1015 1401 1162 1464 inde
1195 1423 1234 1463 a
1267 1423 1326 1464 v.
1379 1404 1498 1464 11:
1547 1424 1697 1464 nam
1730 1400 1883 1465 mihi
1916 1449 1932 1464 .
1968 1448 1986 1464 .
2020 1449 2037 1465 .
2072 1448 2085 1461 .
2122 1405 2234 1482 (cf.
2267 1401 2654 1466 transitionis

528 1508 694 1572 hanc
738 1507 1074 1573 formulam
1105 1508 1170 1571 in
1206 1529 1259 1570 c.
1309 1506 1542 1571 LXIV
1597 1508 1701 1585 76,
1753 1510 1879 1570 212
1912 1530 2063 1593 pag.
2099 1510 2175 1571 15
2228 1520 2376 1572 etc.
2422 1506 2657 1571 LXVI

525 1616 563 1678 5
600 1637 750 1700 pag.
785 1617 901 1693 31)
934 1615 1288 1700 regreditur
1318 1615 1399 1678 ad
1445 1636 1654 1677 rerum
1688 1612 1934 1677 initium
1955 1662 1970 1690 ‚
2021 1615 2101 1677 ad
2134 1615 2402 1700 primam
2437 1638 2657 1678 aman-

527 1722 679 1785 tium
727 1720 1091 1786 felicitatem
1141 1732 1202 1785 et
1234 1722 1464 1786 exinde
1495 1720 1790 1785 deorsum
1823 1739 2172 1806 properans
2205 1725 2515 1806 percurrit
2546 1745 2660 1786 na-

526 1828 790 1893 turalem
823 1852 1030 1893 rerum
1067 1830 1289 1894 seriem
1325 1840 1542 1893 secuta
1590 1828 1800 1892 fratris
1841 1837 2135 1904 mortem,
2183 1825 2460 1891 Lesbiae
2491 1828 2660 1893 furta

530 1948 982 2020 nutantemque
1029 1936 1433 2012 fidelitatem,
1484 1936 1688 2000 donec
1719 1957 1937 1999 rursus
1986 1934 2155 1998 unde
2207 1935 2495 2020 digressa
2526 1947 2660 1999 erat

527 2043 730 2118 rediit,
764 2043 844 2105 ad
880 2041 1012 2106 Alli
1046 2041 1352 2107 beneficia
1381 2057 1735 2129 poetaeque
1767 2054 2019 2127 gratum
2054 2042 2360 2106 animum.

655 2148 1010 2214 Exordium
1056 2164 1116 2214 et
1146 2150 1462 2234 peroratio
1495 2148 1627 2212 Alli
1661 2171 1891 2213 nomen
1924 2159 1986 2212 et
2018 2149 2241 2212 merita
2273 2145 2656 2212 celebrantia

527 2269 722 2320 totum
775 2256 1069 2320 carminis
1127 2279 1358 2343 corpus
1421 2256 1696 2320 externis
1761 2255 2264 2320 circumcludunt
2341 2254 2656 2337 utrimque

527 2364 941 2441 lineamentis,
977 2364 1155 2430 cuius
1191 2366 1373 2449 quasi
1425 2387 1534 2430 cor
1573 2363 1785 2428 fratris
1818 2387 1987 2429 mors
2022 2375 2152 2441 est,
2202 2386 2367 2449 quae
2400 2363 2558 2427 sicut
2591 2361 2654 2425 in

525 2471 731 2535 medio
780 2473 1056 2535 carmine
1102 2473 1309 2558 posita
1360 2483 1489 2548 est,
1542 2472 1632 2535 ita
1677 2471 1742 2534 in
1791 2484 2016 2557 poetae
2061 2471 2193 2535 vita
2239 2471 2399 2534 inter
2461 2469 2649 2556 primi

524 2578 755 2641 amoris
816 2577 1177 2642 felicitatem
1243 2591 1304 2643 et
1365 2579 1700 2642 imminens
1750 2579 1873 2643 iam
1933 2579 2275 2643 amantium
2318 2577 2653 2641 discidium

523 2684 873 2749 interiacet.

657 2790 780 2855 Vv.
835 2792 1113 2868 11—32,
1149 2790 1381 2877 quibus
1428 2793 1707 2857 ineuntis
1751 2794 1981 2858 amoris
2046 2793 2234 2858 ardor
2281 2788 2656 2856 describitur

525 2898 999 2963 Alexandrinae
1059 2900 1270 2985 poesis
1334 2900 1543 2964 colore
1605 2899 1782 2963 tincti
1845 2912 2043 2978 sunt:¹
2106 2898 2392 2964 doctrina
2442 2899 2655 2963 omnia

521 3004 868 3083 abundant,
902 3017 980 3084 ut,
1002 3028 1206 3092 paene
1238 3007 1479 3071 tumida
1511 3008 1738 3072 evadat
1770 3007 1997 3071 dictio:
2064 3004 2313 3071 duobus
2347 3005 2652 3090 exemplis

522 3113 751 3177 amoris
814 3112 1161 3178 illustratur
1221 3123 1470 3191 aestus3
1531 3114 1828 3178 lacrimae
1875 3115 2278 3178 decurrentes
2327 3135 2404 3176 ex
2453 3111 2652 3176 oculis

521 3218 929 3284 similitudine
976 3222 1058 3285 ad
1106 3244 1390 3285 normam
1424 3221 1748 3285 Homerici
1791 3243 1944 3284 usus
1991 3219 2181 3285 latius
2230 3221 2505 3285 deducta
2538 3221 2647 3304 (cf.

519 3314 598 3389 ad
633 3349 686 3389 c.
767 3325 1000 3392 LXIV
1038 3329 1160 3393 105
1183 3376 1199 3405 ,
1236 3329 1361 3392 269
1394 3326 1614 3403 LXV,
1656 3329 1765 3412 19)
1830 3327 2138 3394 curiosius
2187 3326 2647 3399 describuntur,

520 3445 588 3497 ut
621 3456 654 3497 e
686 3433 956 3519 vestigio
1002 3458 1169 3500 novo
1203 3434 1491 3521 exemplo
1541 3433 1818 3499 subitum
1851 3435 1986 3499 Alli
2033 3436 2337 3500 auxilium
2385 3434 2645 3497 induca-

518 3552 646 3605 tur:
681 3541 934 3605 domum
973 3564 1149 3604 suam
1182 3540 1560 3628 praebuerat
1593 3543 1868 3619 amicus,
1903 3565 2031 3627 quo
2063 3553 2347 3606 amantes
2396 3537 2646 3604 silentio

520 3648 722 3712 noctis
756 3647 1167 3712 convenirent
1198 3649 1559 3735 amorisque
1591 3651 2057 3737 perfruerentur
2102 3648 2376 3734 gaudiis.
2469 3644 2646 3709 Hinc

518 3764 586 3816 ut
617 3754 973 3840 transgredi
1004 3767 1218 3841 posset
1255 3754 1545 3822 Catullus
1579 3757 1659 3822 ad
1709 3757 1916 3821 fratris
1964 3765 2215 3820 mortem
2249 3751 2646 3819 Laodamiae

519 3861 940 3927 narrationem
1002 3862 1301 3939 inseruit,
1364 3885 1528 3949 quae
1591 3863 1745 3948 quin
1807 3861 1963 3925 mira
2025 3872 2084 3925 et
2148 3860 2362 3926 subtili
2423 3873 2555 3926 arte
2609 3886 2646 3924 a

516 3977 705 4058 poeta
737 3990 812 4032 ex
843 3969 1076 4059 mythis
1109 3970 1307 4041 electa
1356 3972 1434 4040 sit
1467 3992 1653 4040 nemo
1686 3969 1836 4047 erit,
1886 3968 1988 4040 eui
2020 3966 2285 4040 dubium
2318 3970 2641 4042 videatur:
