3092 4725
1484 307 1489 316 ⁴
1512 297 1552 366 9

473 481 740 563 γνώμας
782 497 945 563 quas
990 479 1239 556 dieunt,
1289 479 1553 543 deorum
1601 495 1866 542 scaenas
1900 478 2303 557 domesticae,
2350 473 2601 544 iocosos

467 589 531 651 in
566 585 929 652 nominibus
963 577 1454 672 interpretandis
1485 584 1694 662 ludos,
1739 583 1990 650 solliciti
2023 586 2254 650 amoris
2286 585 2597 671 querellas

468 695 744 760 iucunda
802 694 1079 778 quadam
1134 691 1397 757 mollitie
1443 683 1765 779 insignes:
1827 715 1992 776 quae
2054 693 2266 758 omnia
2330 692 2489 757 mira
2538 704 2598 756 et

470 801 683 866 subtili
733 795 881 865 arte
912 800 1222 886 disposita
1268 798 1598 886 perpolitis
1645 789 1707 863 et
1747 798 2015 863 elimatis
2047 797 2432 864 carminibus
2466 799 2598 864 suis

466 908 744 973 inseruit
828 905 959 973 Sed
992 908 1149 972 haec
1183 907 1538 971 accuratius
1572 906 1636 970 in
1669 906 1828 1012 ipsis
1860 906 2079 993 elegiis
2109 906 2597 1016 interpretandis

472 1013 853 1080 videbimus·
904 1015 1002 1079 his
1049 1013 1272 1101 paucis
1321 1029 1485 1099 quae
1530 1014 1597 1077 in
1643 1003 2011 1078 transcursu
2041 1007 2404 1079 monuimus
2447 1031 2599 1079 oon-

469 1123 646 1187 tinuo
693 1123 818 1187 iam
865 1121 1103 1209 liquet,
1158 1133 1464 1207 quantum
1512 1121 1757 1188 intersit
1803 1120 1966 1188 inter
2013 1120 2598 1190 artificiosissimam

468 1230 632 1295 hane
665 1227 1244 1298 Alexandrinorum
1275 1228 1502 1313 poesin
1535 1239 1597 1294 et
1629 1226 1981 1313 simplicem
2012 1227 2187 1294 illam
2220 1239 2281 1291 et
2315 1227 2593 1291 nativam

466 1337 879 1424 pristinorum
908 1347 1281 1420 temporum.

649 1440 902 1523 Quibus
952 1449 1057 1508 'ne
1135 1442 1371 1505 diutius
1431 1441 1853 1510 ,immoremur
1928 1441 2270 1506 transimus
2330 1441 2456 1506 iam
2518 1441 2598 1505 ad

472 1548 726 1637 singula
758 1547 1183 1634 examinanda
1217 1548 1527 1614 sarmium
1651 1613 1658 1620 ,
1725 1611 1732 1616 ,

646 1657 747 1721 Ac
807 1655 1080 1744 primuni
1144 1655 1398 1740 quidem
1465 1656 1637 1739 quod
1701 1654 1981 1740 epyllion
2028 1639 2194 1722 illud'
2235 1639 2318 1719 de
2361 1653 2598 1741 nuptiis

467 1761 774 1830 Thetidos
809 1775 870 1827 et
902 1760 1077 1830 Pelei
1112 1763 1437 1856 scriptum.
1450 1762 1671 1828 attinet
1710 1762 1902 1843 (inter
1935 1762 2215 1827 carmina
2237 1759 2599 1826 Catulliana

470 1869 740 1958 LXIV)
770 1877 936 1936 ante
985 1870 1195 1933 omnia
1245 1869 1398 1954 quid
1449 1869 1527 1933 de
1579 1880 1836 1934 auctore
1882 1868 2192 1954 poematis
2227 1890 2598 1936 censeamus

468 1979 693 2065 paucis
726 1977 1286 2044 demonstrandum
1322 1974 1505 2041 nobis
1539 1975 1788 2048 videtur
1821 1997 1980 2042 esse.
2025 1983 2034 1990 “

644 2083 1082 2176 Hauptius‘in
1134 2076 1407 2151 indice‘I
1452 2083 1594 2147 leet.
1623 2084 1969 2156 ‚universih
2013 2080 2229 2154 ,Berot
2277 2105 2380 2146 an.
2429 2081 2595 2149 1855

470 2189 677 2258 studet
723 2187 993 2280 probare
1043 2213 1292 2255 carmen
1329 2190 1484 2255 illud
1504 2171 1758 2258 Catulli
1791 2212 1930 2254 esse
1964 2212 2078 2254 nec
2103 2172 2488 2262 'conversum
2522 2212 2600 2253 ex

468 2322 698 2389 graeco
742 2296 1087 2386 exemplari
1118 2310 1179 2363 et
1208 2298 1525 2389 integrum
1559 2320 1699 2367 ‚esse
1731 2319 1980 2393 poema..
1967 2299 2044 2382 Α)
2105 2295 2209 2360 De
2242 2296 2599 2383 integritate

470 2406 766 2477 carminis
802 2407 910 2470 vix
942 2405 1057 2470 erit
1090 2396 1197 2490 qui
1232 2404 1472 2475 dubitet
1493 2404 1701 2482 hodie,
1738 2388 1849 2469 sed
1882 2405 2055 2488 qu'od
2075 2404 2225 2469 dicit
2254 2404 2349 2468 vir
2366 2405 2600 2469 doctis-

468 2516 696 2591 simus,
747 2513 811 2577 id
858 2515 1093 2583 factum
1153 2535 1291 2576 esse
1340 2511 1689 2581 imitatione
1737 2512 2175 2576 tantummodo
2207 2510 2598 2598 epylliorum

468 2621 1068 2695 Alexandrinorum,
1102 2617 1182 2719 ab
1215 2640 1290 2684 eo
1324 2629 1489 2684 stare
1521 2642 1789 2704 nequeo.
1838 2618 1988 2705 Ipse
2013 2620 2245 2684 fatetur
2272 2618 2597 2715 Hauptius

468 2732 648 2817 (pag.
673 2732 786 2821 11)
817 2726 1045 2805 certius
1080 2749 1217 2791 esse
1250 2728 1641 2821 expressisse
1677 2724 1999 2822 Catullum
2020 2726 2598 2799 Alexandrinorum

466 2847 798 2922 poetarum
846 2818 1166 2923 exemplar
1214 2834 1516 2903 orationis
1564 2835 1801 2911 forma,
1854 2856 2279 2929 versuumque
2320 2835 2596 2933 numeris

467 2955 526 3009 et
573 2942 723 3032 ipsa
756 2940 947 3009 totius
980 2940 1273 3007 carminis
1309 2941 1784 3028 compositione.
1866 2938 2147 3018 ,Etenim
2184 2982 2261 2989 —
2299 2953 2367 3006 ut
2397 2941 2596 3028 ipsius

467 3051 582 3115 viri
615 3048 1063 3139 spectatissimi
1094 3028 1303 3119 verbis
1332 3065 1481 3119 utar
1490 3088 1563 3096 —
1593 3049 1766 3132 quod
1790 3048 2064 3135 partium
2083 3048 2216 3113 eius
2237 3047 2595 3133 (carminis)

467 3155 978 3278 aequabilitatem
1021 3157 1309 3225 videmus
1344 3180 1472 3223 non
1504 3179 1644 3227 esse
1689 3140 2595 3240 usquequaque'concinnam,

468 3265 640 3349 quod
688 3275 874 3350 poeta
906 3264 972 3327 in
1022 3265 1383 3329 narratione
1415 3264 1604 3330 modo
1638 3270 2081 3339 commoratur,
2130 3276 2189 3327 et
2222 3285 2425 3349 paene
2457 3285 2597 3327 ver-

466 3371 662 3438 bosus
705 3382 820 3448 est,
867 3371 1059 3435 modo
1093 3370 1366 3436 breviter
1405 3394 1542 3436 eam
1580 3369 2058 3459 comprehendit
2090 3380 2150 3434 et
2184 3371 2265 3435 ad
2298 3366 2422 3435 alia
2453 3394 2596 3457 pro·

464 3491 678 3567 perat,
728 3472 899 3601 quod
948 3476 1295 3565 aliquando
1342 3472 1710 3565 degreditur
1757 3501 1795 3541 a
1843 3476 2200 3542 narratione
2249 3458 2425 3542 etad
2457 3500 2594 3542 eam

465 3587 646 3664 redit,
695 3584 991 3650 nimirum
1022 3585 1275 3673 penitus
1308 3584 1490 3672 quasi
1523 3582 1734 3649 hausit
1765 3583 2346 3649 Alexandrinorum
2377 3592 2596 3675 poeta-

466 3714 605 3757 rum
652 3690 1045 3780 ingenium„
1077 3716 1240 3779 quos
1301 3692 1469 3758 hanc
1506 3666 1864 3757 ‘carminum
1910 3691 2427 3776 inaequalitatem
2470 3715 2598 3757 non

478 3815 550 3823 ..α-

645 3856 690 3921 ⁴)
730 3856 927 3908 Contra
964 3857 1298 3919 Merkelium‚
1355 3857 1442 3922 qui
1493 3857 1546 3905 in
1603 3854 1903 3921 prolusione
1953 3856 2016 3905 de
2063 3853 2160 3908 Ov.
2210 3854 2357 3905 Ibide
2407 3857 2597 3922 scripta

467 3961 587 4011 pag.
619 3950 742 4007 360,
785 3961 901 3995 cum
928 3963 974 3997 v.
1007 3954 1072 3997 25
1115 3962 1220 3997 non
1248 3954 1385 3997 recte
1410 3946 1774 4033 perspexisset,
1806 3944 2161 4033 contenderat,
2194 3959 2398 3995 carmen
2426 3946 2596 3996 LXIV

466 4048 573 4089 non
610 4035 709 4086 nisi
728 4036 945 4103 partem
982 4040 1096 4087 'esse
1133 4036 1360 4086 maioris.
2073 4038 2078 4047 ⁴
