3092 4725
1628 278 1708 344 16

597 451 873 518 movisse
903 472 1266 535 magnaque
1299 452 1586 536 viguisse
1618 452 1823 538 gloria
1854 454 2036 519 docet
2053 454 2394 524 Diltheius.
2458 458 2545 524 Et
2574 474 2721 530 sunt

592 559 876 645 profecto
908 557 1217 626 eiusmodi
1240 556 1619 624 Callimachi
1653 581 1871 623 versus
1897 560 2176 626 iucunda
2208 563 2480 648 quadam
2514 567 2722 634 molli..

596 666 814 730 tudine
873 663 1198 749 insigneS,
1263 665 1526 741 teneda,
1593 666 1702 751 qui
1765 667 1987 732 decent
2052 668 2355 738 sollicitos
2417 686 2721 754 amantea,

597 770 916 836 coloribus
994 771 1234 847 ornati,
1312 784 1379 836 ut
1444 771 1822 837 Callimachi
1886 773 2102 839 laudes
2163 775 2334 862 haud
2398 779 2715 848 miremur.

596 878 886 960 Quorum
919 877 1198 942 locorum
1232 879 1661 964 pulcritudine
1694 890 1755 944 et
1787 881 2096 946 suavitate
2128 883 2361 948 factum
2389 880 2718 971 putamus,

592 999 661 1051 ut
696 986 1139 1051 Aristaenetus
1187 985 1252 1047 in
1289 984 1629 1073 Cydippae
1677 987 2051 1074 paraphrasi
2100 988 2275 1054 illum
2323 992 2724 1076 potissimum

596 1116 947 1159 sermonem
980 1092 1353 1158 amatorium
1389 1093 1748 1158 accuratius
1782 1094 2266 1181 exscriberetss)
2301 1109 2376 1162 -et
2408 1095 2534 1164 duo
2567 1110 2725 1164 tem-

592 1224 816 1289 porum
856 1199 1132 1287 Augusti
1165 1210 1390 1286 poetae
1422 1200 1804 1288 Lygdamus
1838 1201 1931 1278 (in
1967 1208 2129 1289 eleg.
2167 1202 2280 1267 VI.
2301 1205 2382 1269 39
2418 1210 2628 1290 seqq.)
2662 1219 2722 1271 et

595 1308 870 1388 Ovidius
934 1309 1114 1390 (fastz
1177 1306 1301 1370 111.
1350 1309 1476 1373 465
1529 1316 1737 1393 seqq.)
1828 1307 2224 1376 Catullianos
2286 1310 2437 1394 istos
2500 1334 2720 1378 versus

592 1416 882 1481 admirati
925 1415 1090 1480 hanc
1133 1425 1513 1494 testarentur
1544 1416 2025 1488 admirationem
2061 1407 2467 1484 revocatis’in
2501 1419 2721 1506 legen-

592 1524 748 1588 tium
808 1521 1174 1590 memoriam
1239 1520 1559 1586 nonnullis
1622 1544 1702 1586 ex
1760 1521 1859 1588 hi's
1922 1522 2210 1588 versibus
2229 1530 2333 1606 Ψ).
2428 1525 2503 1589 In
2565 1526 2720 1612 ipsis

592 1628 799 1700 verbis
835 1628 923 1694 nil
954 1629 1137 1708 inest,
1172 1628 1347 1714 quod
1374 1651 1766 1714 moneamuS,
1801 1630 2012 1698 omnia
2045 1630 2371 1716 praeclara
2388 1656 2503 1698 nec
2538 1634 2722 1719 quid·

591 1762 785 1823 quam
806 1733 1575 1822 Callimachoindignum.
1641 1736 1696 1801 F
1699 1737 1953 1814 ervidus
1986 1751 2082 1802 est
2115 1759 2415 1806 sensuum
2449 1740 2638 1824 ardor
2665 1753 2722 1806 et

592 1847 935 1932 legentium
952 1843 1241 1908 intimum
1256 1855 1482 1930 pectus
1499 1866 1785 1910 movens.
1820 1843 2018 1912 Vides
2036 1845 2252 1931 igitur,
2272 1867 2350 1910 ne
2368 1845 2431 1911 in
2451 1845 2571 1934 hoc
2590 1848 2722 1931 qui·

592 1955 734 2020 dem
783 1951 1157 2040 epylliorum
1205 1939 1437 2037 genere
1470 1951 1815 2036 elegiarum
1849 1951 2236 2017 dulcioribus
2270 1954 2475 2018 modis
2511 1976 2723 2020 carere

591 2049 791 2148 posse·
801 2058 1261 2125 Callimachum
1278 2082 1293 2130 ς
1328 2059 1439 2122 sed
1460 2069 1636 2138 certo*
1650 2057 1914 2121 consilio
1933 2057 2098 2145 hanc
2116 2057 2376 2144 lyricam
2394 2061 2721 2148 partemin

593 2167 798 2234 medio
833 2165 1108 2234 carmine
1142 2165 1322 2251 epico
1354 2163 1719 2239 inseruisse,
1768 2175 1836 2226 ut
1871 2186 2048 2249 *quae
2081 2186 2258 2230 suam
2309 2166 2485 2252 daret
2518 2165 2719 2229 lucem

591 2273 886 2363 poemati.
977 2271 1156 2359 Ergo
1189 2284 1356 2338 recte
1387 2270 1668 2358 iudicare
1700 2280 1855 2357 puto
1893 2269 2241 2335 Diltheium
2277 2293 2418 2335 curn
2453 2269 2720 2363 scribat:

595 2381 1113 2470 ‚(Callimachus)
1132 2383 1289 2468 ipse,
1327 2379 1803 2461 Alexandrinae
1838 2378 2079 2466 elegiae
2097 2361 2720 2469 antisteffimquisualm

595 2488 716 2555 sibi
752 2488 955 2575 ‘elegit
1002 2489 1286 2554 semitam
1336 2488 1877 2575 persequendam,
1928 2497 2172 2553 tantum
2220 2487 2412 2563 afuit,
2462 2487 2531 2550 ut
2577 2464 2722 2573 par-

594 2598 795 2684 ticeps
828 2611 994 2669 esset
1026 2595 1379 2692 communis
1399 2593 2140 2669 Homeriadmirationis,
2175 2593 2324 2657 utin
2343 2593 2721 2658 contrariam

595 2705 807 2792 potius
852 2719 1097 2790 partem
1130 2702 1388 2786 aliquod
1422 2700 1779 2786 exemplum
1816 2702 2115 2789 effingere
2148 2700 2356 2791 vellet,
2399 2712 2723 2793 tamquam

595 2812 882 2878 noviciae
930 2810 1183 2889 scholae
1226 2819 1490 2874 auctor‘.
1589 2808 1806 2893 Atque
1838 2809 1987 2872 mihi
2036 2808 2289 2893 quidem
2323 2807 2432 2870 vix
2464 2786 2722 2869 dubium

598 2921 861 2995 videtur,
912 2917 1068 3002 quin
1099 2917 1221 2980 hoc
1267 2931 1631 3002 poematum
1665 2910 1868 3000 genus
1900 2915 2061 2979 inter
2092 2916 2337 3001 epicam
2369 2924 2427 2976 et
2461 2911 2721 2997 lyricam

594 3027 816 3114 poesin
879 3023 1256 3091 interiacens
1317 3020 1475 3086 illud
1536 3021 1721 3085 fuerit
1741 3067 1760 3097 ,
1839 3021 2010 3104 quod
2073 3041 2394 3107 opponere
2455 3018 2721 3083 voluerit

597 3134 837 3221 cyclico
871 3129 1136 3199 Homeri
1168 3128 1451 3195 carmini.
1469 3129 1537 3214 ³⁸⁵)
1579 3165 1655 3176 ——

772 3240 935 3305 Inde
979 3261 1016 3302 a
1049 3261 1109 3301 v.
1146 3237 1493 3302 202--211
1530 3234 1809 3300 narratio
1854 3234 2278 3321 progreditur.
2373 3231 2720 3297 Exsecrata

596 3358 727 3413 erat
745 3347 1034 3412 Ariadna
1070 3343 1301 3441 ultimis
1334 3341 1520 3407 fletus
1556 3340 1842 3407 versibus
1874 3340 2191 3406 infidelem
2226 3340 2427 3404 virum
2460 3341 2719 3422 eiusque

777 3561 845 3627 ¹¹)
885 3562 952 3611 cf.
995 3561 1207 3624 Diltbey
1245 3559 1375 3624 Cyd.
1417 3575 1538 3626 pag.
1583 3566 1668 3610 46.

777 3651 845 3712 ¹²)
885 3650 952 3700 cs.
994 3650 1189 3719 Haupt.
1232 3649 1342 3700 ind.
1385 3649 1504 3699 lect.
1549 3649 1687 3698 uniV.
1731 3647 1905 3698 Berol.
1957 3653 2085 3698 1855
2126 3661 2246 3710 pag.
2291 3648 2339 3694 6.

774 3735 820 3805 ⁸)
858 3738 1075 3789 Prorsus
1138 3738 1316 3787 eadem
1368 3737 1571 3787 ratione
1635 3752 1739 3799 qua
1789 3734 2017 3805 epyllion
2070 3736 2200 3794 hoc,
2267 3718 2504 3783 callim.'
2533 3730 2723 3781 Hecale

598 3829 890 3897 composita
937 3828 1095 3878 fuisse
1141 3827 1369 3879 videtur:
1423 3826 1558 3875 inter
1608 3826 1808 3889 epicam
1857 3826 1920 3872 de
1969 3832 2117 3872 tauro
2165 3821 2495 3871 Marathonio
2548 3835 2718 3870 narra·

598 3919 791 3968 tionem
841 3918 1013 3981 posita
1062 3923 1168 3966 erat
1206 3916 1366 3979 lyrica
1404 3915 1622 3963 Hecales
1662 3929 1779 3964 cum
1816 3913 2020 3962 Theseo
2060 3911 2269 3976 hospitii
2309 3911 2600 3983 descriptio,
2645 3905 2711 3955 cf.

600 4007 764 4058 Naek.
804 4021 922 4073 pag.
973 4011 1071 4057 123
1110 4006 1205 4055 snb
1245 4004 1335 4057 fin.
2541 3986 2548 3995 ⁶
